%YAML 1.1
%TAG !u! tag:unity3d.com,2011:
--- !u!1 &101286
GameObject:
  m_ObjectHideFlags: 1
  m_PrefabParentObject: {fileID: 0}
  m_PrefabInternal: {fileID: 100100000}
  serializedVersion: 4
  m_Component:
  - 4: {fileID: 481656}
  - 212: {fileID: 21254314}
  - 114: {fileID: 11450306}
  m_Layer: 0
  m_Name: ArmLeft
  m_TagString: Untagged
  m_Icon: {fileID: 0}
  m_NavMeshLayer: 0
  m_StaticEditorFlags: 0
  m_IsActive: 1
--- !u!1 &105400
GameObject:
  m_ObjectHideFlags: 1
  m_PrefabParentObject: {fileID: 0}
  m_PrefabInternal: {fileID: 100100000}
  serializedVersion: 4
  m_Component:
  - 4: {fileID: 486362}
  - 212: {fileID: 21248210}
  - 114: {fileID: 11486154}
  m_Layer: 0
  m_Name: ArmRight
  m_TagString: Untagged
  m_Icon: {fileID: 0}
  m_NavMeshLayer: 0
  m_StaticEditorFlags: 0
  m_IsActive: 1
--- !u!1 &111782
GameObject:
  m_ObjectHideFlags: 1
  m_PrefabParentObject: {fileID: 0}
  m_PrefabInternal: {fileID: 100100000}
  serializedVersion: 4
  m_Component:
  - 4: {fileID: 490560}
  - 212: {fileID: 21206468}
  - 114: {fileID: 11447240}
  m_Layer: 0
  m_Name: Mouth_000
  m_TagString: Untagged
  m_Icon: {fileID: 0}
  m_NavMeshLayer: 0
  m_StaticEditorFlags: 0
  m_IsActive: 1
--- !u!1 &112980
GameObject:
  m_ObjectHideFlags: 1
  m_PrefabParentObject: {fileID: 0}
  m_PrefabInternal: {fileID: 100100000}
  serializedVersion: 4
  m_Component:
  - 4: {fileID: 424056}
  m_Layer: 0
  m_Name: bone_007
  m_TagString: Untagged
  m_Icon: {fileID: 0}
  m_NavMeshLayer: 0
  m_StaticEditorFlags: 0
  m_IsActive: 1
--- !u!1 &116274
GameObject:
  m_ObjectHideFlags: 1
  m_PrefabParentObject: {fileID: 0}
  m_PrefabInternal: {fileID: 100100000}
  serializedVersion: 4
  m_Component:
  - 4: {fileID: 405674}
  - 212: {fileID: 21264048}
  - 114: {fileID: 11482756}
  m_Layer: 0
  m_Name: ArmLeft_000
  m_TagString: Untagged
  m_Icon: {fileID: 0}
  m_NavMeshLayer: 0
  m_StaticEditorFlags: 0
  m_IsActive: 1
--- !u!1 &119520
GameObject:
  m_ObjectHideFlags: 1
  m_PrefabParentObject: {fileID: 0}
  m_PrefabInternal: {fileID: 100100000}
  serializedVersion: 4
  m_Component:
  - 4: {fileID: 421528}
  - 212: {fileID: 21230290}
  - 114: {fileID: 11468104}
  m_Layer: 0
  m_Name: Head
  m_TagString: Untagged
  m_Icon: {fileID: 0}
  m_NavMeshLayer: 0
  m_StaticEditorFlags: 0
  m_IsActive: 1
--- !u!1 &120272
GameObject:
  m_ObjectHideFlags: 1
  m_PrefabParentObject: {fileID: 0}
  m_PrefabInternal: {fileID: 100100000}
  serializedVersion: 4
  m_Component:
  - 4: {fileID: 428462}
  - 212: {fileID: 21277794}
  - 114: {fileID: 11445388}
  m_Layer: 0
  m_Name: Eyebrow_000
  m_TagString: Untagged
  m_Icon: {fileID: 0}
  m_NavMeshLayer: 0
  m_StaticEditorFlags: 0
  m_IsActive: 1
--- !u!1 &122328
GameObject:
  m_ObjectHideFlags: 1
  m_PrefabParentObject: {fileID: 0}
  m_PrefabInternal: {fileID: 100100000}
  serializedVersion: 4
  m_Component:
  - 4: {fileID: 426612}
  - 212: {fileID: 21264068}
  - 114: {fileID: 11422380}
  m_Layer: 0
  m_Name: Eyes
  m_TagString: Untagged
  m_Icon: {fileID: 0}
  m_NavMeshLayer: 0
  m_StaticEditorFlags: 0
  m_IsActive: 1
--- !u!1 &123066
GameObject:
  m_ObjectHideFlags: 1
  m_PrefabParentObject: {fileID: 0}
  m_PrefabInternal: {fileID: 100100000}
  serializedVersion: 4
  m_Component:
  - 4: {fileID: 401132}
  m_Layer: 0
  m_Name: bone_005
  m_TagString: Untagged
  m_Icon: {fileID: 0}
  m_NavMeshLayer: 0
  m_StaticEditorFlags: 0
  m_IsActive: 1
--- !u!1 &124214
GameObject:
  m_ObjectHideFlags: 1
  m_PrefabParentObject: {fileID: 0}
  m_PrefabInternal: {fileID: 100100000}
  serializedVersion: 4
  m_Component:
  - 4: {fileID: 471770}
  - 212: {fileID: 21234842}
  - 114: {fileID: 11475894}
  m_Layer: 0
  m_Name: Body
  m_TagString: Untagged
  m_Icon: {fileID: 0}
  m_NavMeshLayer: 0
  m_StaticEditorFlags: 0
  m_IsActive: 1
--- !u!1 &125334
GameObject:
  m_ObjectHideFlags: 1
  m_PrefabParentObject: {fileID: 0}
  m_PrefabInternal: {fileID: 100100000}
  serializedVersion: 4
  m_Component:
  - 4: {fileID: 430936}
  - 212: {fileID: 21288366}
  - 114: {fileID: 11466538}
  m_Layer: 0
  m_Name: HandRight_000
  m_TagString: Untagged
  m_Icon: {fileID: 0}
  m_NavMeshLayer: 0
  m_StaticEditorFlags: 0
  m_IsActive: 1
--- !u!1 &126548
GameObject:
  m_ObjectHideFlags: 1
  m_PrefabParentObject: {fileID: 0}
  m_PrefabInternal: {fileID: 100100000}
  serializedVersion: 4
  m_Component:
  - 4: {fileID: 413350}
  - 212: {fileID: 21244796}
  - 114: {fileID: 11472482}
  m_Layer: 0
  m_Name: HamRight_000
  m_TagString: Untagged
  m_Icon: {fileID: 0}
  m_NavMeshLayer: 0
  m_StaticEditorFlags: 0
  m_IsActive: 1
--- !u!1 &128626
GameObject:
  m_ObjectHideFlags: 1
  m_PrefabParentObject: {fileID: 0}
  m_PrefabInternal: {fileID: 100100000}
  serializedVersion: 4
  m_Component:
  - 4: {fileID: 427468}
  - 212: {fileID: 21218362}
  - 114: {fileID: 11460598}
  m_Layer: 0
  m_Name: Head_000
  m_TagString: Untagged
  m_Icon: {fileID: 0}
  m_NavMeshLayer: 0
  m_StaticEditorFlags: 0
  m_IsActive: 1
--- !u!1 &129416
GameObject:
  m_ObjectHideFlags: 1
  m_PrefabParentObject: {fileID: 0}
  m_PrefabInternal: {fileID: 100100000}
  serializedVersion: 4
  m_Component:
  - 4: {fileID: 443278}
  - 212: {fileID: 21259194}
  - 114: {fileID: 11437014}
  m_Layer: 0
  m_Name: HandLeft_000
  m_TagString: Untagged
  m_Icon: {fileID: 0}
  m_NavMeshLayer: 0
  m_StaticEditorFlags: 0
  m_IsActive: 1
--- !u!1 &131274
GameObject:
  m_ObjectHideFlags: 1
  m_PrefabParentObject: {fileID: 0}
  m_PrefabInternal: {fileID: 100100000}
  serializedVersion: 4
  m_Component:
  - 4: {fileID: 452896}
  - 212: {fileID: 21277010}
  - 114: {fileID: 11429468}
  m_Layer: 0
  m_Name: HamLeft
  m_TagString: Untagged
  m_Icon: {fileID: 0}
  m_NavMeshLayer: 0
  m_StaticEditorFlags: 0
  m_IsActive: 1
--- !u!1 &133844
GameObject:
  m_ObjectHideFlags: 1
  m_PrefabParentObject: {fileID: 0}
  m_PrefabInternal: {fileID: 100100000}
  serializedVersion: 4
  m_Component:
  - 4: {fileID: 467598}
  - 212: {fileID: 21258956}
  - 114: {fileID: 11416886}
  m_Layer: 0
  m_Name: CalfLeft_000
  m_TagString: Untagged
  m_Icon: {fileID: 0}
  m_NavMeshLayer: 0
  m_StaticEditorFlags: 0
  m_IsActive: 1
--- !u!1 &134102
GameObject:
  m_ObjectHideFlags: 1
  m_PrefabParentObject: {fileID: 0}
  m_PrefabInternal: {fileID: 100100000}
  serializedVersion: 4
  m_Component:
  - 4: {fileID: 473128}
  m_Layer: 0
  m_Name: bone_013
  m_TagString: Untagged
  m_Icon: {fileID: 0}
  m_NavMeshLayer: 0
  m_StaticEditorFlags: 0
  m_IsActive: 1
--- !u!1 &135878
GameObject:
  m_ObjectHideFlags: 1
  m_PrefabParentObject: {fileID: 0}
  m_PrefabInternal: {fileID: 100100000}
  serializedVersion: 4
  m_Component:
  - 4: {fileID: 498696}
  m_Layer: 0
  m_Name: bone_002
  m_TagString: Untagged
  m_Icon: {fileID: 0}
  m_NavMeshLayer: 0
  m_StaticEditorFlags: 0
  m_IsActive: 1
--- !u!1 &136568
GameObject:
  m_ObjectHideFlags: 1
  m_PrefabParentObject: {fileID: 0}
  m_PrefabInternal: {fileID: 100100000}
  serializedVersion: 4
  m_Component:
  - 4: {fileID: 402070}
  - 212: {fileID: 21255946}
  - 114: {fileID: 11401282}
  m_Layer: 0
  m_Name: Body_000
  m_TagString: Untagged
  m_Icon: {fileID: 0}
  m_NavMeshLayer: 0
  m_StaticEditorFlags: 0
  m_IsActive: 1
--- !u!1 &140404
GameObject:
  m_ObjectHideFlags: 1
  m_PrefabParentObject: {fileID: 0}
  m_PrefabInternal: {fileID: 100100000}
  serializedVersion: 4
  m_Component:
  - 4: {fileID: 448330}
  m_Layer: 0
  m_Name: bone_012
  m_TagString: Untagged
  m_Icon: {fileID: 0}
  m_NavMeshLayer: 0
  m_StaticEditorFlags: 0
  m_IsActive: 1
--- !u!1 &144942
GameObject:
  m_ObjectHideFlags: 1
  m_PrefabParentObject: {fileID: 0}
  m_PrefabInternal: {fileID: 100100000}
  serializedVersion: 4
  m_Component:
  - 4: {fileID: 437206}
  - 212: {fileID: 21213852}
  - 114: {fileID: 11421978}
  m_Layer: 0
  m_Name: ForearmLeft_000
  m_TagString: Untagged
  m_Icon: {fileID: 0}
  m_NavMeshLayer: 0
  m_StaticEditorFlags: 0
  m_IsActive: 1
--- !u!1 &145582
GameObject:
  m_ObjectHideFlags: 1
  m_PrefabParentObject: {fileID: 0}
  m_PrefabInternal: {fileID: 100100000}
  serializedVersion: 4
  m_Component:
  - 4: {fileID: 453012}
  - 212: {fileID: 21263254}
  - 114: {fileID: 11420050}
  m_Layer: 0
  m_Name: CalfLeft
  m_TagString: Untagged
  m_Icon: {fileID: 0}
  m_NavMeshLayer: 0
  m_StaticEditorFlags: 0
  m_IsActive: 1
--- !u!1 &146558
GameObject:
  m_ObjectHideFlags: 1
  m_PrefabParentObject: {fileID: 0}
  m_PrefabInternal: {fileID: 100100000}
  serializedVersion: 4
  m_Component:
  - 4: {fileID: 472700}
  - 212: {fileID: 21209562}
  - 114: {fileID: 11485190}
  m_Layer: 0
  m_Name: HandLeft
  m_TagString: Untagged
  m_Icon: {fileID: 0}
  m_NavMeshLayer: 0
  m_StaticEditorFlags: 0
  m_IsActive: 1
--- !u!1 &146652
GameObject:
  m_ObjectHideFlags: 1
  m_PrefabParentObject: {fileID: 0}
  m_PrefabInternal: {fileID: 100100000}
  serializedVersion: 4
  m_Component:
  - 4: {fileID: 483296}
  - 212: {fileID: 21295062}
  - 114: {fileID: 11435726}
  m_Layer: 0
  m_Name: ForearmRight
  m_TagString: Untagged
  m_Icon: {fileID: 0}
  m_NavMeshLayer: 0
  m_StaticEditorFlags: 0
  m_IsActive: 1
--- !u!1 &146816
GameObject:
  m_ObjectHideFlags: 1
  m_PrefabParentObject: {fileID: 0}
  m_PrefabInternal: {fileID: 100100000}
  serializedVersion: 4
  m_Component:
  - 4: {fileID: 427528}
  - 212: {fileID: 21277336}
  - 114: {fileID: 11484662}
  m_Layer: 0
  m_Name: Eyebrow
  m_TagString: Untagged
  m_Icon: {fileID: 0}
  m_NavMeshLayer: 0
  m_StaticEditorFlags: 0
  m_IsActive: 1
--- !u!1 &147592
GameObject:
  m_ObjectHideFlags: 1
  m_PrefabParentObject: {fileID: 0}
  m_PrefabInternal: {fileID: 100100000}
  serializedVersion: 4
  m_Component:
  - 4: {fileID: 490568}
  m_Layer: 0
  m_Name: bone_003
  m_TagString: Untagged
  m_Icon: {fileID: 0}
  m_NavMeshLayer: 0
  m_StaticEditorFlags: 0
  m_IsActive: 1
--- !u!1 &153002
GameObject:
  m_ObjectHideFlags: 1
  m_PrefabParentObject: {fileID: 0}
  m_PrefabInternal: {fileID: 100100000}
  serializedVersion: 4
  m_Component:
  - 4: {fileID: 483892}
  m_Layer: 0
  m_Name: bone_006
  m_TagString: Untagged
  m_Icon: {fileID: 0}
  m_NavMeshLayer: 0
  m_StaticEditorFlags: 0
  m_IsActive: 1
--- !u!1 &153562
GameObject:
  m_ObjectHideFlags: 1
  m_PrefabParentObject: {fileID: 0}
  m_PrefabInternal: {fileID: 100100000}
  serializedVersion: 4
  m_Component:
  - 4: {fileID: 481140}
  m_Layer: 0
  m_Name: bone_010
  m_TagString: Untagged
  m_Icon: {fileID: 0}
  m_NavMeshLayer: 0
  m_StaticEditorFlags: 0
  m_IsActive: 1
--- !u!1 &156408
GameObject:
  m_ObjectHideFlags: 1
  m_PrefabParentObject: {fileID: 0}
  m_PrefabInternal: {fileID: 100100000}
  serializedVersion: 4
  m_Component:
  - 4: {fileID: 489652}
  - 212: {fileID: 21282292}
  - 114: {fileID: 11477656}
  m_Layer: 0
  m_Name: ForearmLeft
  m_TagString: Untagged
  m_Icon: {fileID: 0}
  m_NavMeshLayer: 0
  m_StaticEditorFlags: 0
  m_IsActive: 1
--- !u!1 &161480
GameObject:
  m_ObjectHideFlags: 1
  m_PrefabParentObject: {fileID: 0}
  m_PrefabInternal: {fileID: 100100000}
  serializedVersion: 4
  m_Component:
  - 4: {fileID: 418394}
  - 212: {fileID: 21225538}
  - 114: {fileID: 11470742}
  m_Layer: 0
  m_Name: ForearmRight_000
  m_TagString: Untagged
  m_Icon: {fileID: 0}
  m_NavMeshLayer: 0
  m_StaticEditorFlags: 0
  m_IsActive: 1
--- !u!1 &162426
GameObject:
  m_ObjectHideFlags: 1
  m_PrefabParentObject: {fileID: 0}
  m_PrefabInternal: {fileID: 100100000}
  serializedVersion: 4
  m_Component:
  - 4: {fileID: 439842}
  m_Layer: 0
  m_Name: bone_004
  m_TagString: Untagged
  m_Icon: {fileID: 0}
  m_NavMeshLayer: 0
  m_StaticEditorFlags: 0
  m_IsActive: 1
--- !u!1 &165314
GameObject:
  m_ObjectHideFlags: 1
  m_PrefabParentObject: {fileID: 0}
  m_PrefabInternal: {fileID: 100100000}
  serializedVersion: 4
  m_Component:
  - 4: {fileID: 494176}
  - 212: {fileID: 21223996}
  - 114: {fileID: 11419154}
  m_Layer: 0
  m_Name: HamRight
  m_TagString: Untagged
  m_Icon: {fileID: 0}
  m_NavMeshLayer: 0
  m_StaticEditorFlags: 0
  m_IsActive: 1
--- !u!1 &171492
GameObject:
  m_ObjectHideFlags: 1
  m_PrefabParentObject: {fileID: 0}
  m_PrefabInternal: {fileID: 100100000}
  serializedVersion: 4
  m_Component:
  - 4: {fileID: 474502}
  m_Layer: 0
  m_Name: bone_008
  m_TagString: Untagged
  m_Icon: {fileID: 0}
  m_NavMeshLayer: 0
  m_StaticEditorFlags: 0
  m_IsActive: 1
--- !u!1 &171494
GameObject:
  m_ObjectHideFlags: 0
  m_PrefabParentObject: {fileID: 0}
  m_PrefabInternal: {fileID: 100100000}
  serializedVersion: 4
  m_Component:
  - 4: {fileID: 442972}
  - 95: {fileID: 9582262}
  - 114: {fileID: 11478038}
  - 114: {fileID: 11490604}
  - 114: {fileID: 11481268}
  - 114: {fileID: 11497680}
  - 114: {fileID: 11472814}
  - 61: {fileID: 6163420}
  - 114: {fileID: 11403382}
  - 114: {fileID: 11492418}
  - 114: {fileID: 11442170}
  m_Layer: 0
  m_Name: TouristTuto
  m_TagString: Untagged
  m_Icon: {fileID: 0}
  m_NavMeshLayer: 0
  m_StaticEditorFlags: 0
  m_IsActive: 1
--- !u!1 &171744
GameObject:
  m_ObjectHideFlags: 1
  m_PrefabParentObject: {fileID: 0}
  m_PrefabInternal: {fileID: 100100000}
  serializedVersion: 4
  m_Component:
  - 4: {fileID: 473894}
  - 212: {fileID: 21269630}
  - 114: {fileID: 11451202}
  m_Layer: 0
  m_Name: CalfRight
  m_TagString: Untagged
  m_Icon: {fileID: 0}
  m_NavMeshLayer: 0
  m_StaticEditorFlags: 0
  m_IsActive: 1
--- !u!1 &172738
GameObject:
  m_ObjectHideFlags: 1
  m_PrefabParentObject: {fileID: 0}
  m_PrefabInternal: {fileID: 100100000}
  serializedVersion: 4
  m_Component:
  - 4: {fileID: 487376}
  - 212: {fileID: 21222870}
  - 114: {fileID: 11413138}
  m_Layer: 0
  m_Name: HamLeft_000
  m_TagString: Untagged
  m_Icon: {fileID: 0}
  m_NavMeshLayer: 0
  m_StaticEditorFlags: 0
  m_IsActive: 1
--- !u!1 &173082
GameObject:
  m_ObjectHideFlags: 1
  m_PrefabParentObject: {fileID: 0}
  m_PrefabInternal: {fileID: 100100000}
  serializedVersion: 4
  m_Component:
  - 4: {fileID: 482808}
  m_Layer: 0
  m_Name: bone_001
  m_TagString: Untagged
  m_Icon: {fileID: 0}
  m_NavMeshLayer: 0
  m_StaticEditorFlags: 0
  m_IsActive: 1
--- !u!1 &175842
GameObject:
  m_ObjectHideFlags: 1
  m_PrefabParentObject: {fileID: 0}
  m_PrefabInternal: {fileID: 100100000}
  serializedVersion: 4
  m_Component:
  - 4: {fileID: 440624}
  - 212: {fileID: 21232226}
  - 114: {fileID: 11449866}
  m_Layer: 0
  m_Name: mouth
  m_TagString: Untagged
  m_Icon: {fileID: 0}
  m_NavMeshLayer: 0
  m_StaticEditorFlags: 0
  m_IsActive: 1
--- !u!1 &176816
GameObject:
  m_ObjectHideFlags: 1
  m_PrefabParentObject: {fileID: 0}
  m_PrefabInternal: {fileID: 100100000}
  serializedVersion: 4
  m_Component:
  - 4: {fileID: 428734}
  m_Layer: 0
  m_Name: bone_014
  m_TagString: Untagged
  m_Icon: {fileID: 0}
  m_NavMeshLayer: 0
  m_StaticEditorFlags: 0
  m_IsActive: 1
--- !u!1 &178902
GameObject:
  m_ObjectHideFlags: 1
  m_PrefabParentObject: {fileID: 0}
  m_PrefabInternal: {fileID: 100100000}
  serializedVersion: 4
  m_Component:
  - 4: {fileID: 488844}
  m_Layer: 0
  m_Name: bone_011
  m_TagString: Untagged
  m_Icon: {fileID: 0}
  m_NavMeshLayer: 0
  m_StaticEditorFlags: 0
  m_IsActive: 1
--- !u!1 &180158
GameObject:
  m_ObjectHideFlags: 0
  m_PrefabParentObject: {fileID: 0}
  m_PrefabInternal: {fileID: 100100000}
  serializedVersion: 4
  m_Component:
  - 4: {fileID: 449756}
  m_Layer: 0
  m_Name: bone_000
  m_TagString: Untagged
  m_Icon: {fileID: 0}
  m_NavMeshLayer: 0
  m_StaticEditorFlags: 0
  m_IsActive: 1
--- !u!1 &181740
GameObject:
  m_ObjectHideFlags: 1
  m_PrefabParentObject: {fileID: 0}
  m_PrefabInternal: {fileID: 100100000}
  serializedVersion: 4
  m_Component:
  - 4: {fileID: 493802}
  - 212: {fileID: 21235670}
  - 114: {fileID: 11480988}
  m_Layer: 0
  m_Name: ArmRight_000
  m_TagString: Untagged
  m_Icon: {fileID: 0}
  m_NavMeshLayer: 0
  m_StaticEditorFlags: 0
  m_IsActive: 1
--- !u!1 &187406
GameObject:
  m_ObjectHideFlags: 1
  m_PrefabParentObject: {fileID: 0}
  m_PrefabInternal: {fileID: 100100000}
  serializedVersion: 4
  m_Component:
  - 4: {fileID: 405450}
  - 212: {fileID: 21291336}
  - 114: {fileID: 11498926}
  m_Layer: 0
  m_Name: Eyes_000
  m_TagString: Untagged
  m_Icon: {fileID: 0}
  m_NavMeshLayer: 0
  m_StaticEditorFlags: 0
  m_IsActive: 1
--- !u!1 &188992
GameObject:
  m_ObjectHideFlags: 1
  m_PrefabParentObject: {fileID: 0}
  m_PrefabInternal: {fileID: 100100000}
  serializedVersion: 4
  m_Component:
  - 4: {fileID: 406348}
  - 212: {fileID: 21204118}
  - 114: {fileID: 11480880}
  m_Layer: 0
  m_Name: CalfRight_000
  m_TagString: Untagged
  m_Icon: {fileID: 0}
  m_NavMeshLayer: 0
  m_StaticEditorFlags: 0
  m_IsActive: 1
--- !u!1 &190854
GameObject:
  m_ObjectHideFlags: 1
  m_PrefabParentObject: {fileID: 0}
  m_PrefabInternal: {fileID: 100100000}
  serializedVersion: 4
  m_Component:
  - 4: {fileID: 485634}
  - 212: {fileID: 21296332}
  - 114: {fileID: 11436188}
  m_Layer: 0
  m_Name: HandRight
  m_TagString: Untagged
  m_Icon: {fileID: 0}
  m_NavMeshLayer: 0
  m_StaticEditorFlags: 0
  m_IsActive: 1
--- !u!4 &401132
Transform:
  m_ObjectHideFlags: 1
  m_PrefabParentObject: {fileID: 0}
  m_PrefabInternal: {fileID: 100100000}
  m_GameObject: {fileID: 123066}
  m_LocalRotation: {x: 0, y: 0, z: 0.82681745, w: -0.5624703}
  m_LocalPosition: {x: 2.3578637, y: -0.1230046, z: 0}
  m_LocalScale: {x: 1, y: 1, z: 1}
  m_Children:
  - {fileID: 483892}
  m_Father: {fileID: 449756}
  m_RootOrder: 1
--- !u!4 &402070
Transform:
  m_ObjectHideFlags: 1
  m_PrefabParentObject: {fileID: 0}
  m_PrefabInternal: {fileID: 100100000}
  m_GameObject: {fileID: 136568}
  m_LocalRotation: {x: 0, y: 0, z: 0.7059939, w: -0.7082179}
  m_LocalPosition: {x: 2.7263498, y: 0.096971676, z: -0.008}
  m_LocalScale: {x: 1, y: 0.99999917, z: 1}
  m_Children: []
  m_Father: {fileID: 449756}
  m_RootOrder: 5
--- !u!4 &405450
Transform:
  m_ObjectHideFlags: 1
  m_PrefabParentObject: {fileID: 0}
  m_PrefabInternal: {fileID: 100100000}
  m_GameObject: {fileID: 187406}
  m_LocalRotation: {x: 0, y: 0, z: 0.70671874, w: -0.7074946}
  m_LocalPosition: {x: 0.41613474, y: -0.07264731, z: -0.013}
  m_LocalScale: {x: 1, y: 0.99999917, z: 1}
  m_Children: []
  m_Father: {fileID: 428734}
  m_RootOrder: 2
--- !u!4 &405674
Transform:
  m_ObjectHideFlags: 1
  m_PrefabParentObject: {fileID: 0}
  m_PrefabInternal: {fileID: 100100000}
  m_GameObject: {fileID: 116274}
  m_LocalRotation: {x: 0, y: 0, z: 0.7576349, w: 0.6526787}
  m_LocalPosition: {x: -0.26774108, y: -0.25163707, z: -0.004}
  m_LocalScale: {x: 1, y: 0.99999917, z: 1}
  m_Children: []
  m_Father: {fileID: 483892}
  m_RootOrder: 1
--- !u!4 &406348
Transform:
  m_ObjectHideFlags: 1
  m_PrefabParentObject: {fileID: 0}
  m_PrefabInternal: {fileID: 100100000}
  m_GameObject: {fileID: 188992}
  m_LocalRotation: {x: 0, y: 0, z: 0.7059626, w: 0.7082492}
  m_LocalPosition: {x: -0.009468489, y: -0.0076916986, z: -0}
  m_LocalScale: {x: 1, y: 0.99999917, z: 1}
  m_Children: []
  m_Father: {fileID: 488844}
  m_RootOrder: 0
--- !u!4 &413350
Transform:
  m_ObjectHideFlags: 1
  m_PrefabParentObject: {fileID: 0}
  m_PrefabInternal: {fileID: 100100000}
  m_GameObject: {fileID: 126548}
  m_LocalRotation: {x: 0, y: 0, z: 0.70804775, w: 0.70616454}
  m_LocalPosition: {x: 0.0022145, y: 0.040519252, z: -0.003}
  m_LocalScale: {x: 1, y: 0.99999917, z: 1}
  m_Children: []
  m_Father: {fileID: 481140}
  m_RootOrder: 1
--- !u!4 &418394
Transform:
  m_ObjectHideFlags: 1
  m_PrefabParentObject: {fileID: 0}
  m_PrefabInternal: {fileID: 100100000}
  m_GameObject: {fileID: 161480}
  m_LocalRotation: {x: 0, y: 0, z: 0.7215379, w: 0.69237494}
  m_LocalPosition: {x: -0.1204339, y: -0.022764001, z: -0.009000001}
  m_LocalScale: {x: 1, y: 0.99999917, z: 1}
  m_Children: []
  m_Father: {fileID: 490568}
  m_RootOrder: 1
--- !u!4 &421528
Transform:
  m_ObjectHideFlags: 1
  m_PrefabParentObject: {fileID: 0}
  m_PrefabInternal: {fileID: 100100000}
  m_GameObject: {fileID: 119520}
  m_LocalRotation: {x: 0, y: 0, z: 0.70908993, w: -0.70511806}
  m_LocalPosition: {x: 0.52850366, y: 0.039043248, z: -0.025}
  m_LocalScale: {x: 1, y: 0.99999917, z: 1}
  m_Children: []
  m_Father: {fileID: 428734}
  m_RootOrder: 4
--- !u!4 &424056
Transform:
  m_ObjectHideFlags: 1
  m_PrefabParentObject: {fileID: 0}
  m_PrefabInternal: {fileID: 100100000}
  m_GameObject: {fileID: 112980}
  m_LocalRotation: {x: 0, y: 0, z: 0.06092088, w: 0.9981426}
  m_LocalPosition: {x: 1.0650047, y: -0.03450265, z: 0}
  m_LocalScale: {x: 1, y: 1, z: 1}
  m_Children:
  - {fileID: 474502}
  - {fileID: 437206}
  - {fileID: 489652}
  m_Father: {fileID: 483892}
  m_RootOrder: 0
--- !u!4 &426612
Transform:
  m_ObjectHideFlags: 1
  m_PrefabParentObject: {fileID: 0}
  m_PrefabInternal: {fileID: 100100000}
  m_GameObject: {fileID: 122328}
  m_LocalRotation: {x: 0, y: 0, z: 0.70908993, w: -0.70511806}
  m_LocalPosition: {x: 0.41412103, y: -0.05608915, z: -0.027}
  m_LocalScale: {x: 1, y: 0.99999917, z: 1}
  m_Children: []
  m_Father: {fileID: 428734}
  m_RootOrder: 5
--- !u!4 &427468
Transform:
  m_ObjectHideFlags: 1
  m_PrefabParentObject: {fileID: 0}
  m_PrefabInternal: {fileID: 100100000}
  m_GameObject: {fileID: 128626}
  m_LocalRotation: {x: 0, y: 0, z: 0.70787865, w: -0.70633405}
  m_LocalPosition: {x: 0.5135115, y: 0.03178154, z: -0.011000001}
  m_LocalScale: {x: 1, y: 0.99999917, z: 1}
  m_Children: []
  m_Father: {fileID: 428734}
  m_RootOrder: 0
--- !u!4 &427528
Transform:
  m_ObjectHideFlags: 1
  m_PrefabParentObject: {fileID: 0}
  m_PrefabInternal: {fileID: 100100000}
  m_GameObject: {fileID: 146816}
  m_LocalRotation: {x: 0, y: 0, z: 0.70908993, w: -0.70511806}
  m_LocalPosition: {x: 0.66536546, y: -0.061936032, z: -0.028}
  m_LocalScale: {x: 1, y: 0.99999917, z: 1}
  m_Children: []
  m_Father: {fileID: 428734}
  m_RootOrder: 6
--- !u!4 &428462
Transform:
  m_ObjectHideFlags: 1
  m_PrefabParentObject: {fileID: 0}
  m_PrefabInternal: {fileID: 100100000}
  m_GameObject: {fileID: 120272}
  m_LocalRotation: {x: 0, y: 0, z: 0.70671874, w: -0.7074946}
  m_LocalPosition: {x: 0.67045754, y: -0.06955851, z: -0.014}
  m_LocalScale: {x: 1, y: 0.99999917, z: 1}
  m_Children: []
  m_Father: {fileID: 428734}
  m_RootOrder: 3
--- !u!4 &428734
Transform:
  m_ObjectHideFlags: 1
  m_PrefabParentObject: {fileID: 0}
  m_PrefabInternal: {fileID: 100100000}
  m_GameObject: {fileID: 176816}
  m_LocalRotation: {x: 0, y: 0, z: 0.028095799, w: 0.99960524}
  m_LocalPosition: {x: 2.6530542, y: 0.009163513, z: 0}
  m_LocalScale: {x: 1, y: 1, z: 1}
  m_Children:
  - {fileID: 427468}
  - {fileID: 490560}
  - {fileID: 405450}
  - {fileID: 428462}
  - {fileID: 421528}
  - {fileID: 426612}
  - {fileID: 427528}
  - {fileID: 440624}
  m_Father: {fileID: 449756}
  m_RootOrder: 4
--- !u!4 &430936
Transform:
  m_ObjectHideFlags: 1
  m_PrefabParentObject: {fileID: 0}
  m_PrefabInternal: {fileID: 100100000}
  m_GameObject: {fileID: 125334}
  m_LocalRotation: {x: 0, y: 0, z: 0.6048668, w: 0.79632664}
  m_LocalPosition: {x: -0.13814728, y: 0.05310357, z: -0.010000001}
  m_LocalScale: {x: 1, y: 0.99999917, z: 1}
  m_Children: []
  m_Father: {fileID: 439842}
  m_RootOrder: 0
--- !u!4 &437206
Transform:
  m_ObjectHideFlags: 1
  m_PrefabParentObject: {fileID: 0}
  m_PrefabInternal: {fileID: 100100000}
  m_GameObject: {fileID: 144942}
  m_LocalRotation: {x: 0, y: 0, z: 0.70133454, w: 0.7128323}
  m_LocalPosition: {x: -0.21781212, y: 0.031901427, z: -0.0050000004}
  m_LocalScale: {x: 1, y: 0.99999917, z: 1}
  m_Children: []
  m_Father: {fileID: 424056}
  m_RootOrder: 1
--- !u!4 &439842
Transform:
  m_ObjectHideFlags: 1
  m_PrefabParentObject: {fileID: 0}
  m_PrefabInternal: {fileID: 100100000}
  m_GameObject: {fileID: 162426}
  m_LocalRotation: {x: 0, y: 0, z: 0.013011001, w: -0.99991536}
  m_LocalPosition: {x: 1.1452254, y: -0.041775595, z: 0}
  m_LocalScale: {x: 1, y: 1, z: 1}
  m_Children:
  - {fileID: 430936}
  - {fileID: 485634}
  m_Father: {fileID: 490568}
  m_RootOrder: 0
--- !u!4 &440624
Transform:
  m_ObjectHideFlags: 1
  m_PrefabParentObject: {fileID: 0}
  m_PrefabInternal: {fileID: 100100000}
  m_GameObject: {fileID: 175842}
  m_LocalRotation: {x: 0, y: 0, z: 0.71209186, w: -0.7020863}
  m_LocalPosition: {x: 0.20200849, y: 0.3167274, z: -0.029000001}
  m_LocalScale: {x: 1, y: 0.99999917, z: 1}
  m_Children: []
  m_Father: {fileID: 428734}
  m_RootOrder: 7
--- !u!4 &442972
Transform:
  m_ObjectHideFlags: 1
  m_PrefabParentObject: {fileID: 0}
  m_PrefabInternal: {fileID: 100100000}
  m_GameObject: {fileID: 171494}
  m_LocalRotation: {x: 0, y: 0, z: 0, w: 1}
  m_LocalPosition: {x: 298.7218, y: -19.110924, z: 0}
  m_LocalScale: {x: 0.45, y: 0.45, z: 0.45}
  m_Children:
  - {fileID: 449756}
  m_Father: {fileID: 0}
  m_RootOrder: 0
--- !u!4 &443278
Transform:
  m_ObjectHideFlags: 1
  m_PrefabParentObject: {fileID: 0}
  m_PrefabInternal: {fileID: 100100000}
  m_GameObject: {fileID: 129416}
  m_LocalRotation: {x: 0, y: 0, z: 0.647494, w: 0.76207054}
  m_LocalPosition: {x: -0.120196, y: -0.006843425, z: -0.006}
  m_LocalScale: {x: 1, y: 0.99999917, z: 1}
  m_Children: []
  m_Father: {fileID: 474502}
  m_RootOrder: 0
--- !u!4 &448330
Transform:
  m_ObjectHideFlags: 1
  m_PrefabParentObject: {fileID: 0}
  m_PrefabInternal: {fileID: 100100000}
  m_GameObject: {fileID: 140404}
  m_LocalRotation: {x: 0, y: 0, z: 0.995818, w: -0.09135929}
  m_LocalPosition: {x: 0.51422167, y: -0.20771118, z: 0}
  m_LocalScale: {x: 1, y: 1, z: 1}
  m_Children:
  - {fileID: 473128}
  - {fileID: 487376}
  - {fileID: 452896}
  m_Father: {fileID: 449756}
  m_RootOrder: 3
--- !u!4 &449756
Transform:
  m_ObjectHideFlags: 1
  m_PrefabParentObject: {fileID: 0}
  m_PrefabInternal: {fileID: 100100000}
  m_GameObject: {fileID: 180158}
  m_LocalRotation: {x: 0, y: 0, z: 0.6865623, w: 0.727071}
  m_LocalPosition: {x: -0.06757859, y: 2.8270676, z: 0}
  m_LocalScale: {x: 1, y: 1, z: 1}
  m_Children:
  - {fileID: 482808}
  - {fileID: 401132}
  - {fileID: 481140}
  - {fileID: 448330}
  - {fileID: 428734}
  - {fileID: 402070}
  - {fileID: 471770}
  m_Father: {fileID: 442972}
  m_RootOrder: 0
--- !u!4 &452896
Transform:
  m_ObjectHideFlags: 1
  m_PrefabParentObject: {fileID: 0}
  m_PrefabInternal: {fileID: 100100000}
  m_GameObject: {fileID: 131274}
  m_LocalRotation: {x: 0, y: 0, z: 0.70567983, w: 0.70853084}
  m_LocalPosition: {x: -0.07303903, y: -0.0702202, z: -0.018000001}
  m_LocalScale: {x: 1, y: 0.99999917, z: 1}
  m_Children: []
  m_Father: {fileID: 448330}
  m_RootOrder: 2
--- !u!4 &453012
Transform:
  m_ObjectHideFlags: 1
  m_PrefabParentObject: {fileID: 0}
  m_PrefabInternal: {fileID: 100100000}
  m_GameObject: {fileID: 145582}
  m_LocalRotation: {x: 0, y: 0, z: 0.7071068, w: 0.7071067}
  m_LocalPosition: {x: -0.03524007, y: 0.00048853335, z: -0.015000001}
  m_LocalScale: {x: 1, y: 0.99999917, z: 1}
  m_Children: []
  m_Father: {fileID: 473128}
  m_RootOrder: 1
--- !u!4 &467598
Transform:
  m_ObjectHideFlags: 1
  m_PrefabParentObject: {fileID: 0}
  m_PrefabInternal: {fileID: 100100000}
  m_GameObject: {fileID: 133844}
  m_LocalRotation: {x: 0, y: 0, z: 0.70325446, w: 0.7109383}
  m_LocalPosition: {x: -0.016785089, y: 0.033120524, z: -0.001}
  m_LocalScale: {x: 1, y: 0.99999917, z: 1}
  m_Children: []
  m_Father: {fileID: 473128}
  m_RootOrder: 0
--- !u!4 &471770
Transform:
  m_ObjectHideFlags: 1
  m_PrefabParentObject: {fileID: 0}
  m_PrefabInternal: {fileID: 100100000}
  m_GameObject: {fileID: 124214}
  m_LocalRotation: {x: 0, y: 0, z: 0.70819014, w: -0.7060218}
  m_LocalPosition: {x: 2.712773, y: 0.08621978, z: -0.023000002}
  m_LocalScale: {x: 1, y: 0.99999917, z: 1}
  m_Children: []
  m_Father: {fileID: 449756}
  m_RootOrder: 6
--- !u!4 &472700
Transform:
  m_ObjectHideFlags: 1
  m_PrefabParentObject: {fileID: 0}
  m_PrefabInternal: {fileID: 100100000}
  m_GameObject: {fileID: 146558}
  m_LocalRotation: {x: 0, y: 0, z: 0.58471024, w: 0.8112422}
  m_LocalPosition: {x: -0.101274945, y: 0.012260552, z: -0.021000002}
  m_LocalScale: {x: 1, y: 0.99999917, z: 1}
  m_Children: []
  m_Father: {fileID: 474502}
  m_RootOrder: 1
--- !u!4 &473128
Transform:
  m_ObjectHideFlags: 1
  m_PrefabParentObject: {fileID: 0}
  m_PrefabInternal: {fileID: 100100000}
  m_GameObject: {fileID: 134102}
  m_LocalRotation: {x: 0, y: 0, z: 0.0020159788, w: -0.999998}
  m_LocalPosition: {x: 1.6385409, y: -0.0066070147, z: 0}
  m_LocalScale: {x: 1, y: 1, z: 1}
  m_Children:
  - {fileID: 467598}
  - {fileID: 453012}
  m_Father: {fileID: 448330}
  m_RootOrder: 0
--- !u!4 &473894
Transform:
  m_ObjectHideFlags: 1
  m_PrefabParentObject: {fileID: 0}
  m_PrefabInternal: {fileID: 100100000}
  m_GameObject: {fileID: 171744}
  m_LocalRotation: {x: 0, y: 0, z: 0.7017505, w: 0.7124228}
  m_LocalPosition: {x: -0.036591, y: 0.022709776, z: -0.016}
  m_LocalScale: {x: 1, y: 0.99999917, z: 1}
  m_Children: []
  m_Father: {fileID: 488844}
  m_RootOrder: 1
--- !u!4 &474502
Transform:
  m_ObjectHideFlags: 1
  m_PrefabParentObject: {fileID: 0}
  m_PrefabInternal: {fileID: 100100000}
  m_GameObject: {fileID: 171492}
  m_LocalRotation: {x: 0, y: 0, z: 0.3336371, w: -0.94270164}
  m_LocalPosition: {x: 1.0594164, y: -0.042352077, z: 0}
  m_LocalScale: {x: 1, y: 1, z: 1}
  m_Children:
  - {fileID: 443278}
  - {fileID: 472700}
  m_Father: {fileID: 424056}
  m_RootOrder: 0
--- !u!4 &481140
Transform:
  m_ObjectHideFlags: 1
  m_PrefabParentObject: {fileID: 0}
  m_PrefabInternal: {fileID: 100100000}
  m_GameObject: {fileID: 153562}
  m_LocalRotation: {x: 0, y: 0, z: 0.9976178, w: 0.06898436}
  m_LocalPosition: {x: 0.57013834, y: 0.34633687, z: 0}
  m_LocalScale: {x: 1, y: 1, z: 1}
  m_Children:
  - {fileID: 488844}
  - {fileID: 413350}
  - {fileID: 494176}
  m_Father: {fileID: 449756}
  m_RootOrder: 2
--- !u!4 &481656
Transform:
  m_ObjectHideFlags: 1
  m_PrefabParentObject: {fileID: 0}
  m_PrefabInternal: {fileID: 100100000}
  m_GameObject: {fileID: 101286}
  m_LocalRotation: {x: 0, y: 0, z: 0.7115961, w: 0.7025888}
  m_LocalPosition: {x: -0.25183, y: -0.17144927, z: -0.017}
  m_LocalScale: {x: 1, y: 0.99999917, z: 1}
  m_Children: []
  m_Father: {fileID: 483892}
  m_RootOrder: 2
--- !u!4 &482808
Transform:
  m_ObjectHideFlags: 1
  m_PrefabParentObject: {fileID: 0}
  m_PrefabInternal: {fileID: 100100000}
  m_GameObject: {fileID: 173082}
  m_LocalRotation: {x: 0, y: 0, z: 0.81284106, w: 0.58248556}
  m_LocalPosition: {x: 2.3345065, y: 0.11803204, z: 0}
  m_LocalScale: {x: 1, y: 1, z: 1}
  m_Children:
  - {fileID: 498696}
  m_Father: {fileID: 449756}
  m_RootOrder: 0
--- !u!4 &483296
Transform:
  m_ObjectHideFlags: 1
  m_PrefabParentObject: {fileID: 0}
  m_PrefabInternal: {fileID: 100100000}
  m_GameObject: {fileID: 146652}
  m_LocalRotation: {x: 0, y: 0, z: 0.7012556, w: 0.71290994}
  m_LocalPosition: {x: -0.19674812, y: 0.038031824, z: -0.024}
  m_LocalScale: {x: 1, y: 0.99999917, z: 1}
  m_Children: []
  m_Father: {fileID: 490568}
  m_RootOrder: 2
--- !u!4 &483892
Transform:
  m_ObjectHideFlags: 1
  m_PrefabParentObject: {fileID: 0}
  m_PrefabInternal: {fileID: 100100000}
  m_GameObject: {fileID: 153002}
  m_LocalRotation: {x: 0, y: 0, z: 0.80396724, w: -0.5946736}
  m_LocalPosition: {x: 0.48293892, y: -0.043903522, z: 0}
  m_LocalScale: {x: 1, y: 1, z: 1}
  m_Children:
  - {fileID: 424056}
  - {fileID: 405674}
  - {fileID: 481656}
  m_Father: {fileID: 401132}
  m_RootOrder: 0
--- !u!4 &485634
Transform:
  m_ObjectHideFlags: 1
  m_PrefabParentObject: {fileID: 0}
  m_PrefabInternal: {fileID: 100100000}
  m_GameObject: {fileID: 190854}
  m_LocalRotation: {x: 0, y: 0, z: 0.5674525, w: 0.82340616}
  m_LocalPosition: {x: -0.16183078, y: 0.053620163, z: -0.026}
  m_LocalScale: {x: 1, y: 0.99999917, z: 1}
  m_Children: []
  m_Father: {fileID: 439842}
  m_RootOrder: 1
--- !u!4 &486362
Transform:
  m_ObjectHideFlags: 1
  m_PrefabParentObject: {fileID: 0}
  m_PrefabInternal: {fileID: 100100000}
  m_GameObject: {fileID: 105400}
  m_LocalRotation: {x: 0, y: 0, z: 0.7098211, w: 0.704382}
  m_LocalPosition: {x: -0.34481883, y: 0.1451028, z: -0.022000002}
  m_LocalScale: {x: 1, y: 0.99999917, z: 1}
  m_Children: []
  m_Father: {fileID: 498696}
  m_RootOrder: 2
--- !u!4 &487376
Transform:
  m_ObjectHideFlags: 1
  m_PrefabParentObject: {fileID: 0}
  m_PrefabInternal: {fileID: 100100000}
  m_GameObject: {fileID: 172738}
  m_LocalRotation: {x: 0, y: 0, z: 0.7164239, w: 0.6976652}
  m_LocalPosition: {x: -0.08311842, y: -0.13444142, z: -0.002}
  m_LocalScale: {x: 1, y: 0.99999917, z: 1}
  m_Children: []
  m_Father: {fileID: 448330}
  m_RootOrder: 1
--- !u!4 &488844
Transform:
  m_ObjectHideFlags: 1
  m_PrefabParentObject: {fileID: 0}
  m_PrefabInternal: {fileID: 100100000}
  m_GameObject: {fileID: 178902}
  m_LocalRotation: {x: 0, y: 0, z: 0.22689205, w: -0.9739199}
  m_LocalPosition: {x: 1.7292911, y: -0.021906424, z: 0}
  m_LocalScale: {x: 1, y: 1, z: 1}
  m_Children:
  - {fileID: 406348}
  - {fileID: 473894}
  m_Father: {fileID: 481140}
  m_RootOrder: 0
--- !u!4 &489652
Transform:
  m_ObjectHideFlags: 1
  m_PrefabParentObject: {fileID: 0}
  m_PrefabInternal: {fileID: 100100000}
  m_GameObject: {fileID: 156408}
  m_LocalRotation: {x: 0, y: 0, z: 0.7004891, w: 0.7136631}
  m_LocalPosition: {x: -0.21336327, y: 0.03133433, z: -0.020000001}
  m_LocalScale: {x: 1, y: 0.99999917, z: 1}
  m_Children: []
  m_Father: {fileID: 424056}
  m_RootOrder: 2
--- !u!4 &490560
Transform:
  m_ObjectHideFlags: 1
  m_PrefabParentObject: {fileID: 0}
  m_PrefabInternal: {fileID: 100100000}
  m_GameObject: {fileID: 111782}
  m_LocalRotation: {x: 0, y: 0, z: 0.70671874, w: -0.7074946}
  m_LocalPosition: {x: -0.01308747, y: 0.17361864, z: -0.012}
  m_LocalScale: {x: 1, y: 0.99999917, z: 1}
  m_Children: []
  m_Father: {fileID: 428734}
  m_RootOrder: 1
--- !u!4 &490568
Transform:
  m_ObjectHideFlags: 1
  m_PrefabParentObject: {fileID: 0}
  m_PrefabInternal: {fileID: 100100000}
  m_GameObject: {fileID: 147592}
  m_LocalRotation: {x: 0, y: 0, z: 0.12964347, w: 0.9915607}
  m_LocalPosition: {x: 0.9158672, y: -0.023076244, z: 0}
  m_LocalScale: {x: 1, y: 1, z: 1}
  m_Children:
  - {fileID: 439842}
  - {fileID: 418394}
  - {fileID: 483296}
  m_Father: {fileID: 498696}
  m_RootOrder: 0
--- !u!4 &493802
Transform:
  m_ObjectHideFlags: 1
  m_PrefabParentObject: {fileID: 0}
  m_PrefabInternal: {fileID: 100100000}
  m_GameObject: {fileID: 181740}
  m_LocalRotation: {x: 0, y: 0, z: 0.6704834, w: 0.7419245}
  m_LocalPosition: {x: -0.24196216, y: 0.109404355, z: -0.007}
  m_LocalScale: {x: 1, y: 0.99999917, z: 1}
  m_Children: []
  m_Father: {fileID: 498696}
  m_RootOrder: 1
--- !u!4 &494176
Transform:
  m_ObjectHideFlags: 1
  m_PrefabParentObject: {fileID: 0}
  m_PrefabInternal: {fileID: 100100000}
  m_GameObject: {fileID: 165314}
  m_LocalRotation: {x: 0, y: 0, z: 0.71123767, w: 0.7029516}
  m_LocalPosition: {x: -0.00673034, y: 0.02824956, z: -0.019000001}
  m_LocalScale: {x: 1, y: 0.99999917, z: 1}
  m_Children: []
  m_Father: {fileID: 481140}
  m_RootOrder: 2
--- !u!4 &498696
Transform:
  m_ObjectHideFlags: 1
  m_PrefabParentObject: {fileID: 0}
  m_PrefabInternal: {fileID: 100100000}
  m_GameObject: {fileID: 135878}
  m_LocalRotation: {x: 0, y: 0, z: 0.7239665, w: 0.6898352}
  m_LocalPosition: {x: 0.70937806, y: 0.081569515, z: 0}
  m_LocalScale: {x: 1, y: 1, z: 1}
  m_Children:
  - {fileID: 490568}
  - {fileID: 493802}
  - {fileID: 486362}
  m_Father: {fileID: 482808}
  m_RootOrder: 0
--- !u!61 &6163420
BoxCollider2D:
  m_ObjectHideFlags: 1
  m_PrefabParentObject: {fileID: 0}
  m_PrefabInternal: {fileID: 100100000}
  m_GameObject: {fileID: 171494}
  m_Enabled: 1
  m_Density: 1
  m_Material: {fileID: 0}
  m_IsTrigger: 1
  m_UsedByEffector: 0
  m_Offset: {x: -0.20304361, y: 3.9863458}
  serializedVersion: 2
  m_Size: {x: 3.5990524, y: 8.972706}
--- !u!95 &9582262
Animator:
  serializedVersion: 3
  m_ObjectHideFlags: 1
  m_PrefabParentObject: {fileID: 0}
  m_PrefabInternal: {fileID: 100100000}
  m_GameObject: {fileID: 171494}
  m_Enabled: 1
  m_Avatar: {fileID: 0}
  m_Controller: {fileID: 9100000, guid: 49e4e4b32b751d8439fe7e98cb85da59, type: 2}
  m_CullingMode: 0
  m_UpdateMode: 0
  m_ApplyRootMotion: 0
  m_LinearVelocityBlending: 0
  m_WarningMessage: 
  m_HasTransformHierarchy: 1
  m_AllowConstantClipSamplingOptimization: 1
--- !u!114 &11401282
MonoBehaviour:
  m_ObjectHideFlags: 1
  m_PrefabParentObject: {fileID: 0}
  m_PrefabInternal: {fileID: 100100000}
  m_GameObject: {fileID: 136568}
  m_Enabled: 1
  m_EditorHideFlags: 0
  m_Script: {fileID: 11500000, guid: e350dfdda602c9b478ee0f10c3cdc92f, type: 3}
  m_Name: 
  m_EditorClassIdentifier: 
  layer: 0
--- !u!114 &11403382
MonoBehaviour:
  m_ObjectHideFlags: 1
  m_PrefabParentObject: {fileID: 0}
  m_PrefabInternal: {fileID: 100100000}
  m_GameObject: {fileID: 171494}
  m_Enabled: 1
  m_EditorHideFlags: 0
  m_Script: {fileID: 11500000, guid: 36640c5f3fd0eaa40ae8a84cc21db279, type: 3}
  m_Name: 
  m_EditorClassIdentifier: 
  minXPos: 1
  maxXPos: 35
  moveSpeed: 2
--- !u!114 &11413138
MonoBehaviour:
  m_ObjectHideFlags: 1
  m_PrefabParentObject: {fileID: 0}
  m_PrefabInternal: {fileID: 100100000}
  m_GameObject: {fileID: 172738}
  m_Enabled: 1
  m_EditorHideFlags: 0
  m_Script: {fileID: 11500000, guid: e350dfdda602c9b478ee0f10c3cdc92f, type: 3}
  m_Name: 
  m_EditorClassIdentifier: 
  layer: 0
--- !u!114 &11416886
MonoBehaviour:
  m_ObjectHideFlags: 1
  m_PrefabParentObject: {fileID: 0}
  m_PrefabInternal: {fileID: 100100000}
  m_GameObject: {fileID: 133844}
  m_Enabled: 1
  m_EditorHideFlags: 0
  m_Script: {fileID: 11500000, guid: e350dfdda602c9b478ee0f10c3cdc92f, type: 3}
  m_Name: 
  m_EditorClassIdentifier: 
  layer: 0
--- !u!114 &11419154
MonoBehaviour:
  m_ObjectHideFlags: 1
  m_PrefabParentObject: {fileID: 0}
  m_PrefabInternal: {fileID: 100100000}
  m_GameObject: {fileID: 165314}
  m_Enabled: 1
  m_EditorHideFlags: 0
  m_Script: {fileID: 11500000, guid: e350dfdda602c9b478ee0f10c3cdc92f, type: 3}
  m_Name: 
  m_EditorClassIdentifier: 
  layer: 0
--- !u!114 &11420050
MonoBehaviour:
  m_ObjectHideFlags: 1
  m_PrefabParentObject: {fileID: 0}
  m_PrefabInternal: {fileID: 100100000}
  m_GameObject: {fileID: 145582}
  m_Enabled: 1
  m_EditorHideFlags: 0
  m_Script: {fileID: 11500000, guid: e350dfdda602c9b478ee0f10c3cdc92f, type: 3}
  m_Name: 
  m_EditorClassIdentifier: 
  layer: 0
--- !u!114 &11421978
MonoBehaviour:
  m_ObjectHideFlags: 1
  m_PrefabParentObject: {fileID: 0}
  m_PrefabInternal: {fileID: 100100000}
  m_GameObject: {fileID: 144942}
  m_Enabled: 1
  m_EditorHideFlags: 0
  m_Script: {fileID: 11500000, guid: e350dfdda602c9b478ee0f10c3cdc92f, type: 3}
  m_Name: 
  m_EditorClassIdentifier: 
  layer: 0
--- !u!114 &11422380
MonoBehaviour:
  m_ObjectHideFlags: 1
  m_PrefabParentObject: {fileID: 0}
  m_PrefabInternal: {fileID: 100100000}
  m_GameObject: {fileID: 122328}
  m_Enabled: 1
  m_EditorHideFlags: 0
  m_Script: {fileID: 11500000, guid: e350dfdda602c9b478ee0f10c3cdc92f, type: 3}
  m_Name: 
  m_EditorClassIdentifier: 
  layer: 0
--- !u!114 &11429468
MonoBehaviour:
  m_ObjectHideFlags: 1
  m_PrefabParentObject: {fileID: 0}
  m_PrefabInternal: {fileID: 100100000}
  m_GameObject: {fileID: 131274}
  m_Enabled: 1
  m_EditorHideFlags: 0
  m_Script: {fileID: 11500000, guid: e350dfdda602c9b478ee0f10c3cdc92f, type: 3}
  m_Name: 
  m_EditorClassIdentifier: 
  layer: 0
--- !u!114 &11435726
MonoBehaviour:
  m_ObjectHideFlags: 1
  m_PrefabParentObject: {fileID: 0}
  m_PrefabInternal: {fileID: 100100000}
  m_GameObject: {fileID: 146652}
  m_Enabled: 1
  m_EditorHideFlags: 0
  m_Script: {fileID: 11500000, guid: e350dfdda602c9b478ee0f10c3cdc92f, type: 3}
  m_Name: 
  m_EditorClassIdentifier: 
  layer: 0
--- !u!114 &11436188
MonoBehaviour:
  m_ObjectHideFlags: 1
  m_PrefabParentObject: {fileID: 0}
  m_PrefabInternal: {fileID: 100100000}
  m_GameObject: {fileID: 190854}
  m_Enabled: 1
  m_EditorHideFlags: 0
  m_Script: {fileID: 11500000, guid: e350dfdda602c9b478ee0f10c3cdc92f, type: 3}
  m_Name: 
  m_EditorClassIdentifier: 
  layer: 0
--- !u!114 &11437014
MonoBehaviour:
  m_ObjectHideFlags: 1
  m_PrefabParentObject: {fileID: 0}
  m_PrefabInternal: {fileID: 100100000}
  m_GameObject: {fileID: 129416}
  m_Enabled: 1
  m_EditorHideFlags: 0
  m_Script: {fileID: 11500000, guid: e350dfdda602c9b478ee0f10c3cdc92f, type: 3}
  m_Name: 
  m_EditorClassIdentifier: 
  layer: 0
--- !u!114 &11442170
MonoBehaviour:
  m_ObjectHideFlags: 1
  m_PrefabParentObject: {fileID: 0}
  m_PrefabInternal: {fileID: 100100000}
  m_GameObject: {fileID: 171494}
  m_Enabled: 1
  m_EditorHideFlags: 0
  m_Script: {fileID: 11500000, guid: 69d99c4cb15b1024cb64366300e359cd, type: 3}
  m_Name: 
  m_EditorClassIdentifier: 
  toInstantiate: {fileID: 132334, guid: 87ee937c7c20aad4c96617e95090ecae, type: 2}
--- !u!114 &11445388
MonoBehaviour:
  m_ObjectHideFlags: 1
  m_PrefabParentObject: {fileID: 0}
  m_PrefabInternal: {fileID: 100100000}
  m_GameObject: {fileID: 120272}
  m_Enabled: 1
  m_EditorHideFlags: 0
  m_Script: {fileID: 11500000, guid: e350dfdda602c9b478ee0f10c3cdc92f, type: 3}
  m_Name: 
  m_EditorClassIdentifier: 
  layer: 0
--- !u!114 &11447240
MonoBehaviour:
  m_ObjectHideFlags: 1
  m_PrefabParentObject: {fileID: 0}
  m_PrefabInternal: {fileID: 100100000}
  m_GameObject: {fileID: 111782}
  m_Enabled: 1
  m_EditorHideFlags: 0
  m_Script: {fileID: 11500000, guid: e350dfdda602c9b478ee0f10c3cdc92f, type: 3}
  m_Name: 
  m_EditorClassIdentifier: 
  layer: 0
--- !u!114 &11449866
MonoBehaviour:
  m_ObjectHideFlags: 1
  m_PrefabParentObject: {fileID: 0}
  m_PrefabInternal: {fileID: 100100000}
  m_GameObject: {fileID: 175842}
  m_Enabled: 1
  m_EditorHideFlags: 0
  m_Script: {fileID: 11500000, guid: e350dfdda602c9b478ee0f10c3cdc92f, type: 3}
  m_Name: 
  m_EditorClassIdentifier: 
  layer: 0
--- !u!114 &11450306
MonoBehaviour:
  m_ObjectHideFlags: 1
  m_PrefabParentObject: {fileID: 0}
  m_PrefabInternal: {fileID: 100100000}
  m_GameObject: {fileID: 101286}
  m_Enabled: 1
  m_EditorHideFlags: 0
  m_Script: {fileID: 11500000, guid: e350dfdda602c9b478ee0f10c3cdc92f, type: 3}
  m_Name: 
  m_EditorClassIdentifier: 
  layer: 0
--- !u!114 &11451202
MonoBehaviour:
  m_ObjectHideFlags: 1
  m_PrefabParentObject: {fileID: 0}
  m_PrefabInternal: {fileID: 100100000}
  m_GameObject: {fileID: 171744}
  m_Enabled: 1
  m_EditorHideFlags: 0
  m_Script: {fileID: 11500000, guid: e350dfdda602c9b478ee0f10c3cdc92f, type: 3}
  m_Name: 
  m_EditorClassIdentifier: 
  layer: 0
--- !u!114 &11460598
MonoBehaviour:
  m_ObjectHideFlags: 1
  m_PrefabParentObject: {fileID: 0}
  m_PrefabInternal: {fileID: 100100000}
  m_GameObject: {fileID: 128626}
  m_Enabled: 1
  m_EditorHideFlags: 0
  m_Script: {fileID: 11500000, guid: e350dfdda602c9b478ee0f10c3cdc92f, type: 3}
  m_Name: 
  m_EditorClassIdentifier: 
  layer: 0
--- !u!114 &11466538
MonoBehaviour:
  m_ObjectHideFlags: 1
  m_PrefabParentObject: {fileID: 0}
  m_PrefabInternal: {fileID: 100100000}
  m_GameObject: {fileID: 125334}
  m_Enabled: 1
  m_EditorHideFlags: 0
  m_Script: {fileID: 11500000, guid: e350dfdda602c9b478ee0f10c3cdc92f, type: 3}
  m_Name: 
  m_EditorClassIdentifier: 
  layer: 0
--- !u!114 &11468104
MonoBehaviour:
  m_ObjectHideFlags: 1
  m_PrefabParentObject: {fileID: 0}
  m_PrefabInternal: {fileID: 100100000}
  m_GameObject: {fileID: 119520}
  m_Enabled: 1
  m_EditorHideFlags: 0
  m_Script: {fileID: 11500000, guid: e350dfdda602c9b478ee0f10c3cdc92f, type: 3}
  m_Name: 
  m_EditorClassIdentifier: 
  layer: 0
--- !u!114 &11470742
MonoBehaviour:
  m_ObjectHideFlags: 1
  m_PrefabParentObject: {fileID: 0}
  m_PrefabInternal: {fileID: 100100000}
  m_GameObject: {fileID: 161480}
  m_Enabled: 1
  m_EditorHideFlags: 0
  m_Script: {fileID: 11500000, guid: e350dfdda602c9b478ee0f10c3cdc92f, type: 3}
  m_Name: 
  m_EditorClassIdentifier: 
  layer: 0
--- !u!114 &11472482
MonoBehaviour:
  m_ObjectHideFlags: 1
  m_PrefabParentObject: {fileID: 0}
  m_PrefabInternal: {fileID: 100100000}
  m_GameObject: {fileID: 126548}
  m_Enabled: 1
  m_EditorHideFlags: 0
  m_Script: {fileID: 11500000, guid: e350dfdda602c9b478ee0f10c3cdc92f, type: 3}
  m_Name: 
  m_EditorClassIdentifier: 
  layer: 0
--- !u!114 &11472814
MonoBehaviour:
  m_ObjectHideFlags: 1
  m_PrefabParentObject: {fileID: 0}
  m_PrefabInternal: {fileID: 100100000}
  m_GameObject: {fileID: 171494}
  m_Enabled: 1
  m_EditorHideFlags: 0
  m_Script: {fileID: 11500000, guid: 46988af99db84704c9e87172b3167948, type: 3}
  m_Name: 
  m_EditorClassIdentifier: 
  culpritIndex: 0
--- !u!114 &11475894
MonoBehaviour:
  m_ObjectHideFlags: 1
  m_PrefabParentObject: {fileID: 0}
  m_PrefabInternal: {fileID: 100100000}
  m_GameObject: {fileID: 124214}
  m_Enabled: 1
  m_EditorHideFlags: 0
  m_Script: {fileID: 11500000, guid: e350dfdda602c9b478ee0f10c3cdc92f, type: 3}
  m_Name: 
  m_EditorClassIdentifier: 
  layer: 0
--- !u!114 &11477656
MonoBehaviour:
  m_ObjectHideFlags: 1
  m_PrefabParentObject: {fileID: 0}
  m_PrefabInternal: {fileID: 100100000}
  m_GameObject: {fileID: 156408}
  m_Enabled: 1
  m_EditorHideFlags: 0
  m_Script: {fileID: 11500000, guid: e350dfdda602c9b478ee0f10c3cdc92f, type: 3}
  m_Name: 
  m_EditorClassIdentifier: 
  layer: 0
--- !u!114 &11478038
MonoBehaviour:
  m_ObjectHideFlags: 1
  m_PrefabParentObject: {fileID: 0}
  m_PrefabInternal: {fileID: 100100000}
  m_GameObject: {fileID: 171494}
  m_Enabled: 1
  m_EditorHideFlags: 0
  m_Script: {fileID: 11500000, guid: b8e9dda14b6f34517a0d598d3320a902, type: 3}
  m_Name: 
  m_EditorClassIdentifier: 
  sortingOrder: 0
  applySpriterZOrder: 0
--- !u!114 &11480880
MonoBehaviour:
  m_ObjectHideFlags: 1
  m_PrefabParentObject: {fileID: 0}
  m_PrefabInternal: {fileID: 100100000}
  m_GameObject: {fileID: 188992}
  m_Enabled: 1
  m_EditorHideFlags: 0
  m_Script: {fileID: 11500000, guid: e350dfdda602c9b478ee0f10c3cdc92f, type: 3}
  m_Name: 
  m_EditorClassIdentifier: 
  layer: 0
--- !u!114 &11480988
MonoBehaviour:
  m_ObjectHideFlags: 1
  m_PrefabParentObject: {fileID: 0}
  m_PrefabInternal: {fileID: 100100000}
  m_GameObject: {fileID: 181740}
  m_Enabled: 1
  m_EditorHideFlags: 0
  m_Script: {fileID: 11500000, guid: e350dfdda602c9b478ee0f10c3cdc92f, type: 3}
  m_Name: 
  m_EditorClassIdentifier: 
  layer: 0
--- !u!114 &11481268
MonoBehaviour:
  m_ObjectHideFlags: 1
  m_PrefabParentObject: {fileID: 0}
  m_PrefabInternal: {fileID: 100100000}
  m_GameObject: {fileID: 171494}
  m_Enabled: 1
  m_EditorHideFlags: 0
  m_Script: {fileID: 11500000, guid: 13f71d98bbbf14f43a49c250b4264a04, type: 3}
  m_Name: 
  m_EditorClassIdentifier: 
  head: {fileID: 21218362}
  eyes: {fileID: 21291336}
  eyebrows: {fileID: 21277794}
  mouth: {fileID: 21206468}
  body: {fileID: 21255946}
  leftUpperArm: {fileID: 21264048}
  leftLowerArm: {fileID: 21213852}
  leftHand: {fileID: 21259194}
  rightUpperArm: {fileID: 21235670}
  rightLowerArm: {fileID: 21225538}
  rightHand: {fileID: 21288366}
  leftUpperLeg: {fileID: 21222870}
  leftLowerLeg: {fileID: 21258956}
  rightUpperLeg: {fileID: 21244796}
  rightLowerLeg: {fileID: 21204118}
--- !u!114 &11482756
MonoBehaviour:
  m_ObjectHideFlags: 1
  m_PrefabParentObject: {fileID: 0}
  m_PrefabInternal: {fileID: 100100000}
  m_GameObject: {fileID: 116274}
  m_Enabled: 1
  m_EditorHideFlags: 0
  m_Script: {fileID: 11500000, guid: e350dfdda602c9b478ee0f10c3cdc92f, type: 3}
  m_Name: 
  m_EditorClassIdentifier: 
  layer: 0
--- !u!114 &11484662
MonoBehaviour:
  m_ObjectHideFlags: 1
  m_PrefabParentObject: {fileID: 0}
  m_PrefabInternal: {fileID: 100100000}
  m_GameObject: {fileID: 146816}
  m_Enabled: 1
  m_EditorHideFlags: 0
  m_Script: {fileID: 11500000, guid: e350dfdda602c9b478ee0f10c3cdc92f, type: 3}
  m_Name: 
  m_EditorClassIdentifier: 
  layer: 0
--- !u!114 &11485190
MonoBehaviour:
  m_ObjectHideFlags: 1
  m_PrefabParentObject: {fileID: 0}
  m_PrefabInternal: {fileID: 100100000}
  m_GameObject: {fileID: 146558}
  m_Enabled: 1
  m_EditorHideFlags: 0
  m_Script: {fileID: 11500000, guid: e350dfdda602c9b478ee0f10c3cdc92f, type: 3}
  m_Name: 
  m_EditorClassIdentifier: 
  layer: 0
--- !u!114 &11486154
MonoBehaviour:
  m_ObjectHideFlags: 1
  m_PrefabParentObject: {fileID: 0}
  m_PrefabInternal: {fileID: 100100000}
  m_GameObject: {fileID: 105400}
  m_Enabled: 1
  m_EditorHideFlags: 0
  m_Script: {fileID: 11500000, guid: e350dfdda602c9b478ee0f10c3cdc92f, type: 3}
  m_Name: 
  m_EditorClassIdentifier: 
  layer: 0
--- !u!114 &11490604
MonoBehaviour:
  m_ObjectHideFlags: 1
  m_PrefabParentObject: {fileID: 0}
  m_PrefabInternal: {fileID: 100100000}
  m_GameObject: {fileID: 171494}
  m_Enabled: 1
  m_EditorHideFlags: 0
  m_Script: {fileID: 372142912, guid: 870353891bb340e2b2a9c8707e7419ba, type: 3}
  m_Name: 
  m_EditorClassIdentifier: 
  m_SceneId:
    m_Value: 0
  m_AssetId:
    i0: 13
    i1: 153
    i2: 70
    i3: 144
    i4: 10
    i5: 73
    i6: 192
    i7: 244
    i8: 171
    i9: 72
    i10: 169
    i11: 29
    i12: 21
    i13: 62
    i14: 234
    i15: 144
  m_ServerOnly: 0
  m_LocalPlayerAuthority: 0
--- !u!114 &11492418
MonoBehaviour:
  m_ObjectHideFlags: 1
  m_PrefabParentObject: {fileID: 0}
  m_PrefabInternal: {fileID: 100100000}
  m_GameObject: {fileID: 171494}
  m_Enabled: 1
  m_EditorHideFlags: 0
  m_Script: {fileID: 11500000, guid: aba09b613dd224a49887ab8278cdabd4, type: 3}
  m_Name: 
  m_EditorClassIdentifier: 
  marqueur: {fileID: 116858, guid: f1345f507b05b2341a0b85e75eae43fa, type: 2}
--- !u!114 &11497680
MonoBehaviour:
  m_ObjectHideFlags: 1
  m_PrefabParentObject: {fileID: 0}
  m_PrefabInternal: {fileID: 100100000}
  m_GameObject: {fileID: 171494}
  m_Enabled: 1
  m_EditorHideFlags: 0
  m_Script: {fileID: 11500000, guid: 2792df313bc30fe4184bc1d6c17fbcb2, type: 3}
  m_Name: 
  m_EditorClassIdentifier: 
  head: {fileID: 21230290}
  eyes: {fileID: 21264068}
  eyebrows: {fileID: 21277336}
  mouth: {fileID: 21232226}
  body: {fileID: 21234842}
  leftUpperArm: {fileID: 21254314}
  leftLowerArm: {fileID: 21282292}
  leftHand: {fileID: 21209562}
  rightUpperArm: {fileID: 21248210}
  rightLowerArm: {fileID: 21295062}
  rightHand: {fileID: 21296332}
  leftUpperLeg: {fileID: 21277010}
  leftLowerLeg: {fileID: 21263254}
  rightUpperLeg: {fileID: 21223996}
  rightLowerLeg: {fileID: 21269630}
--- !u!114 &11498926
MonoBehaviour:
  m_ObjectHideFlags: 1
  m_PrefabParentObject: {fileID: 0}
  m_PrefabInternal: {fileID: 100100000}
  m_GameObject: {fileID: 187406}
  m_Enabled: 1
  m_EditorHideFlags: 0
  m_Script: {fileID: 11500000, guid: e350dfdda602c9b478ee0f10c3cdc92f, type: 3}
  m_Name: 
  m_EditorClassIdentifier: 
  layer: 0
--- !u!212 &21204118
SpriteRenderer:
  m_ObjectHideFlags: 1
  m_PrefabParentObject: {fileID: 0}
  m_PrefabInternal: {fileID: 100100000}
  m_GameObject: {fileID: 188992}
  m_Enabled: 1
  m_CastShadows: 0
  m_ReceiveShadows: 0
  m_Materials:
  - {fileID: 2100000, guid: ba8dc964872830e43973b2612d087cc9, type: 2}
  m_SubsetIndices: 
  m_StaticBatchRoot: {fileID: 0}
  m_UseLightProbes: 0
  m_ReflectionProbeUsage: 0
  m_ProbeAnchor: {fileID: 0}
  m_ScaleInLightmap: 1
  m_PreserveUVs: 0
  m_IgnoreNormalsForChartDetection: 0
  m_ImportantGI: 0
  m_MinimumChartSize: 4
  m_AutoUVMaxDistance: 0.5
  m_AutoUVMaxAngle: 89
  m_LightmapParameters: {fileID: 0}
  m_SortingLayerID: -1056912931
  m_SortingOrder: 0
  m_Sprite: {fileID: 21300000, guid: dd0226ee56329534098b45b8280dccab, type: 3}
  m_Color: {r: 1, g: 1, b: 1, a: 1}
  m_FlipX: 0
  m_FlipY: 0
--- !u!212 &21206468
SpriteRenderer:
  m_ObjectHideFlags: 1
  m_PrefabParentObject: {fileID: 0}
  m_PrefabInternal: {fileID: 100100000}
  m_GameObject: {fileID: 111782}
  m_Enabled: 1
  m_CastShadows: 0
  m_ReceiveShadows: 0
  m_Materials:
  - {fileID: 2100000, guid: ba8dc964872830e43973b2612d087cc9, type: 2}
  m_SubsetIndices: 
  m_StaticBatchRoot: {fileID: 0}
  m_UseLightProbes: 0
  m_ReflectionProbeUsage: 0
  m_ProbeAnchor: {fileID: 0}
  m_ScaleInLightmap: 1
  m_PreserveUVs: 0
  m_IgnoreNormalsForChartDetection: 0
  m_ImportantGI: 0
  m_MinimumChartSize: 4
  m_AutoUVMaxDistance: 0.5
  m_AutoUVMaxAngle: 89
  m_LightmapParameters: {fileID: 0}
  m_SortingLayerID: -1056912931
  m_SortingOrder: 0
  m_Sprite: {fileID: 21300000, guid: 37cb62998d9e46f409f6aeec96a73345, type: 3}
  m_Color: {r: 1, g: 1, b: 1, a: 1}
  m_FlipX: 0
  m_FlipY: 0
--- !u!212 &21209562
SpriteRenderer:
  m_ObjectHideFlags: 1
  m_PrefabParentObject: {fileID: 0}
  m_PrefabInternal: {fileID: 100100000}
  m_GameObject: {fileID: 146558}
  m_Enabled: 1
  m_CastShadows: 0
  m_ReceiveShadows: 0
  m_Materials:
  - {fileID: 2100000, guid: 0027729f0f276d340bb1bc55ac6d5697, type: 2}
  m_SubsetIndices: 
  m_StaticBatchRoot: {fileID: 0}
  m_UseLightProbes: 0
  m_ReflectionProbeUsage: 0
  m_ProbeAnchor: {fileID: 0}
  m_ScaleInLightmap: 1
  m_PreserveUVs: 0
  m_IgnoreNormalsForChartDetection: 0
  m_ImportantGI: 0
  m_MinimumChartSize: 4
  m_AutoUVMaxDistance: 0.5
  m_AutoUVMaxAngle: 89
  m_LightmapParameters: {fileID: 0}
  m_SortingLayerID: -1056912931
  m_SortingOrder: 0
  m_Sprite: {fileID: 21300000, guid: dab81a7de47e010488ae1d3819a808a6, type: 3}
  m_Color: {r: 1, g: 1, b: 1, a: 1}
  m_FlipX: 0
  m_FlipY: 0
--- !u!212 &21213852
SpriteRenderer:
  m_ObjectHideFlags: 1
  m_PrefabParentObject: {fileID: 0}
  m_PrefabInternal: {fileID: 100100000}
  m_GameObject: {fileID: 144942}
  m_Enabled: 1
  m_CastShadows: 0
  m_ReceiveShadows: 0
  m_Materials:
  - {fileID: 2100000, guid: ba8dc964872830e43973b2612d087cc9, type: 2}
  m_SubsetIndices: 
  m_StaticBatchRoot: {fileID: 0}
  m_UseLightProbes: 0
  m_ReflectionProbeUsage: 0
  m_ProbeAnchor: {fileID: 0}
  m_ScaleInLightmap: 1
  m_PreserveUVs: 0
  m_IgnoreNormalsForChartDetection: 0
  m_ImportantGI: 0
  m_MinimumChartSize: 4
  m_AutoUVMaxDistance: 0.5
  m_AutoUVMaxAngle: 89
  m_LightmapParameters: {fileID: 0}
  m_SortingLayerID: -1056912931
  m_SortingOrder: 0
  m_Sprite: {fileID: 21300000, guid: d59ab49268b08b242a5a18c123236b6d, type: 3}
  m_Color: {r: 1, g: 1, b: 1, a: 1}
  m_FlipX: 0
  m_FlipY: 0
--- !u!212 &21218362
SpriteRenderer:
  m_ObjectHideFlags: 1
  m_PrefabParentObject: {fileID: 0}
  m_PrefabInternal: {fileID: 100100000}
  m_GameObject: {fileID: 128626}
  m_Enabled: 1
  m_CastShadows: 0
  m_ReceiveShadows: 0
  m_Materials:
  - {fileID: 2100000, guid: ba8dc964872830e43973b2612d087cc9, type: 2}
  m_SubsetIndices: 
  m_StaticBatchRoot: {fileID: 0}
  m_UseLightProbes: 0
  m_ReflectionProbeUsage: 0
  m_ProbeAnchor: {fileID: 0}
  m_ScaleInLightmap: 1
  m_PreserveUVs: 0
  m_IgnoreNormalsForChartDetection: 0
  m_ImportantGI: 0
  m_MinimumChartSize: 4
  m_AutoUVMaxDistance: 0.5
  m_AutoUVMaxAngle: 89
  m_LightmapParameters: {fileID: 0}
  m_SortingLayerID: -1056912931
  m_SortingOrder: 0
  m_Sprite: {fileID: 21300000, guid: d7b47f9361fe9f44b947ef93182f5223, type: 3}
  m_Color: {r: 1, g: 1, b: 1, a: 1}
  m_FlipX: 0
  m_FlipY: 0
--- !u!212 &21222870
SpriteRenderer:
  m_ObjectHideFlags: 1
  m_PrefabParentObject: {fileID: 0}
  m_PrefabInternal: {fileID: 100100000}
  m_GameObject: {fileID: 172738}
  m_Enabled: 1
  m_CastShadows: 0
  m_ReceiveShadows: 0
  m_Materials:
  - {fileID: 2100000, guid: ba8dc964872830e43973b2612d087cc9, type: 2}
  m_SubsetIndices: 
  m_StaticBatchRoot: {fileID: 0}
  m_UseLightProbes: 0
  m_ReflectionProbeUsage: 0
  m_ProbeAnchor: {fileID: 0}
  m_ScaleInLightmap: 1
  m_PreserveUVs: 0
  m_IgnoreNormalsForChartDetection: 0
  m_ImportantGI: 0
  m_MinimumChartSize: 4
  m_AutoUVMaxDistance: 0.5
  m_AutoUVMaxAngle: 89
  m_LightmapParameters: {fileID: 0}
  m_SortingLayerID: -1056912931
  m_SortingOrder: 0
  m_Sprite: {fileID: 21300000, guid: 5d9caf5f9c744484daff7e53277201f1, type: 3}
  m_Color: {r: 1, g: 1, b: 1, a: 1}
  m_FlipX: 0
  m_FlipY: 0
--- !u!212 &21223996
SpriteRenderer:
  m_ObjectHideFlags: 1
  m_PrefabParentObject: {fileID: 0}
  m_PrefabInternal: {fileID: 100100000}
  m_GameObject: {fileID: 165314}
  m_Enabled: 1
  m_CastShadows: 0
  m_ReceiveShadows: 0
  m_Materials:
  - {fileID: 2100000, guid: 0027729f0f276d340bb1bc55ac6d5697, type: 2}
  m_SubsetIndices: 
  m_StaticBatchRoot: {fileID: 0}
  m_UseLightProbes: 0
  m_ReflectionProbeUsage: 0
  m_ProbeAnchor: {fileID: 0}
  m_ScaleInLightmap: 1
  m_PreserveUVs: 0
  m_IgnoreNormalsForChartDetection: 0
  m_ImportantGI: 0
  m_MinimumChartSize: 4
  m_AutoUVMaxDistance: 0.5
  m_AutoUVMaxAngle: 89
  m_LightmapParameters: {fileID: 0}
  m_SortingLayerID: -1056912931
  m_SortingOrder: 0
  m_Sprite: {fileID: 21300000, guid: c5be85c94bc275740b313715f102a744, type: 3}
  m_Color: {r: 1, g: 1, b: 1, a: 1}
  m_FlipX: 0
  m_FlipY: 0
--- !u!212 &21225538
SpriteRenderer:
  m_ObjectHideFlags: 1
  m_PrefabParentObject: {fileID: 0}
  m_PrefabInternal: {fileID: 100100000}
  m_GameObject: {fileID: 161480}
  m_Enabled: 1
  m_CastShadows: 0
  m_ReceiveShadows: 0
  m_Materials:
  - {fileID: 2100000, guid: ba8dc964872830e43973b2612d087cc9, type: 2}
  m_SubsetIndices: 
  m_StaticBatchRoot: {fileID: 0}
  m_UseLightProbes: 0
  m_ReflectionProbeUsage: 0
  m_ProbeAnchor: {fileID: 0}
  m_ScaleInLightmap: 1
  m_PreserveUVs: 0
  m_IgnoreNormalsForChartDetection: 0
  m_ImportantGI: 0
  m_MinimumChartSize: 4
  m_AutoUVMaxDistance: 0.5
  m_AutoUVMaxAngle: 89
  m_LightmapParameters: {fileID: 0}
  m_SortingLayerID: -1056912931
  m_SortingOrder: 0
  m_Sprite: {fileID: 21300000, guid: 3ba62d928e995c642aa651c10fe144a5, type: 3}
  m_Color: {r: 1, g: 1, b: 1, a: 1}
  m_FlipX: 0
  m_FlipY: 0
--- !u!212 &21230290
SpriteRenderer:
  m_ObjectHideFlags: 1
  m_PrefabParentObject: {fileID: 0}
  m_PrefabInternal: {fileID: 100100000}
  m_GameObject: {fileID: 119520}
  m_Enabled: 1
  m_CastShadows: 0
  m_ReceiveShadows: 0
  m_Materials:
  - {fileID: 2100000, guid: 0027729f0f276d340bb1bc55ac6d5697, type: 2}
  m_SubsetIndices: 
  m_StaticBatchRoot: {fileID: 0}
  m_UseLightProbes: 0
  m_ReflectionProbeUsage: 0
  m_ProbeAnchor: {fileID: 0}
  m_ScaleInLightmap: 1
  m_PreserveUVs: 0
  m_IgnoreNormalsForChartDetection: 0
  m_ImportantGI: 0
  m_MinimumChartSize: 4
  m_AutoUVMaxDistance: 0.5
  m_AutoUVMaxAngle: 89
  m_LightmapParameters: {fileID: 0}
  m_SortingLayerID: -1056912931
  m_SortingOrder: 0
  m_Sprite: {fileID: 21300000, guid: b8983a42301ec9140a70f80eb656f2d1, type: 3}
  m_Color: {r: 1, g: 1, b: 1, a: 1}
  m_FlipX: 0
  m_FlipY: 0
--- !u!212 &21232226
SpriteRenderer:
  m_ObjectHideFlags: 1
  m_PrefabParentObject: {fileID: 0}
  m_PrefabInternal: {fileID: 100100000}
  m_GameObject: {fileID: 175842}
  m_Enabled: 1
  m_CastShadows: 0
  m_ReceiveShadows: 0
  m_Materials:
  - {fileID: 2100000, guid: 0027729f0f276d340bb1bc55ac6d5697, type: 2}
  m_SubsetIndices: 
  m_StaticBatchRoot: {fileID: 0}
  m_UseLightProbes: 0
  m_ReflectionProbeUsage: 0
  m_ProbeAnchor: {fileID: 0}
  m_ScaleInLightmap: 1
  m_PreserveUVs: 0
  m_IgnoreNormalsForChartDetection: 0
  m_ImportantGI: 0
  m_MinimumChartSize: 4
  m_AutoUVMaxDistance: 0.5
  m_AutoUVMaxAngle: 89
  m_LightmapParameters: {fileID: 0}
  m_SortingLayerID: -1056912931
  m_SortingOrder: 0
  m_Sprite: {fileID: 21300000, guid: e67d04acf5ad2d54e84af5ad74cc2968, type: 3}
  m_Color: {r: 1, g: 1, b: 1, a: 1}
  m_FlipX: 0
  m_FlipY: 0
--- !u!212 &21234842
SpriteRenderer:
  m_ObjectHideFlags: 1
  m_PrefabParentObject: {fileID: 0}
  m_PrefabInternal: {fileID: 100100000}
  m_GameObject: {fileID: 124214}
  m_Enabled: 1
  m_CastShadows: 0
  m_ReceiveShadows: 0
  m_Materials:
  - {fileID: 2100000, guid: 0027729f0f276d340bb1bc55ac6d5697, type: 2}
  m_SubsetIndices: 
  m_StaticBatchRoot: {fileID: 0}
  m_UseLightProbes: 0
  m_ReflectionProbeUsage: 0
  m_ProbeAnchor: {fileID: 0}
  m_ScaleInLightmap: 1
  m_PreserveUVs: 0
  m_IgnoreNormalsForChartDetection: 0
  m_ImportantGI: 0
  m_MinimumChartSize: 4
  m_AutoUVMaxDistance: 0.5
  m_AutoUVMaxAngle: 89
  m_LightmapParameters: {fileID: 0}
  m_SortingLayerID: -1056912931
  m_SortingOrder: 0
  m_Sprite: {fileID: 21300000, guid: 65bf843f5861b884197a4f16ef8ad583, type: 3}
  m_Color: {r: 1, g: 1, b: 1, a: 1}
  m_FlipX: 0
  m_FlipY: 0
--- !u!212 &21235670
SpriteRenderer:
  m_ObjectHideFlags: 1
  m_PrefabParentObject: {fileID: 0}
  m_PrefabInternal: {fileID: 100100000}
  m_GameObject: {fileID: 181740}
  m_Enabled: 1
  m_CastShadows: 0
  m_ReceiveShadows: 0
  m_Materials:
  - {fileID: 2100000, guid: ba8dc964872830e43973b2612d087cc9, type: 2}
  m_SubsetIndices: 
  m_StaticBatchRoot: {fileID: 0}
  m_UseLightProbes: 0
  m_ReflectionProbeUsage: 0
  m_ProbeAnchor: {fileID: 0}
  m_ScaleInLightmap: 1
  m_PreserveUVs: 0
  m_IgnoreNormalsForChartDetection: 0
  m_ImportantGI: 0
  m_MinimumChartSize: 4
  m_AutoUVMaxDistance: 0.5
  m_AutoUVMaxAngle: 89
  m_LightmapParameters: {fileID: 0}
  m_SortingLayerID: -1056912931
  m_SortingOrder: 0
  m_Sprite: {fileID: 21300000, guid: 3de041beee8967c4e8bedb45ae949ab3, type: 3}
  m_Color: {r: 1, g: 1, b: 1, a: 1}
  m_FlipX: 0
  m_FlipY: 0
--- !u!212 &21244796
SpriteRenderer:
  m_ObjectHideFlags: 1
  m_PrefabParentObject: {fileID: 0}
  m_PrefabInternal: {fileID: 100100000}
  m_GameObject: {fileID: 126548}
  m_Enabled: 1
  m_CastShadows: 0
  m_ReceiveShadows: 0
  m_Materials:
  - {fileID: 2100000, guid: ba8dc964872830e43973b2612d087cc9, type: 2}
  m_SubsetIndices: 
  m_StaticBatchRoot: {fileID: 0}
  m_UseLightProbes: 0
  m_ReflectionProbeUsage: 0
  m_ProbeAnchor: {fileID: 0}
  m_ScaleInLightmap: 1
  m_PreserveUVs: 0
  m_IgnoreNormalsForChartDetection: 0
  m_ImportantGI: 0
  m_MinimumChartSize: 4
  m_AutoUVMaxDistance: 0.5
  m_AutoUVMaxAngle: 89
  m_LightmapParameters: {fileID: 0}
  m_SortingLayerID: -1056912931
  m_SortingOrder: 0
  m_Sprite: {fileID: 21300000, guid: b5f31060062081a4095dfca80a7296b1, type: 3}
  m_Color: {r: 1, g: 1, b: 1, a: 1}
  m_FlipX: 0
  m_FlipY: 0
--- !u!212 &21248210
SpriteRenderer:
  m_ObjectHideFlags: 1
  m_PrefabParentObject: {fileID: 0}
  m_PrefabInternal: {fileID: 100100000}
  m_GameObject: {fileID: 105400}
  m_Enabled: 1
  m_CastShadows: 0
  m_ReceiveShadows: 0
  m_Materials:
  - {fileID: 2100000, guid: 0027729f0f276d340bb1bc55ac6d5697, type: 2}
  m_SubsetIndices: 
  m_StaticBatchRoot: {fileID: 0}
  m_UseLightProbes: 0
  m_ReflectionProbeUsage: 0
  m_ProbeAnchor: {fileID: 0}
  m_ScaleInLightmap: 1
  m_PreserveUVs: 0
  m_IgnoreNormalsForChartDetection: 0
  m_ImportantGI: 0
  m_MinimumChartSize: 4
  m_AutoUVMaxDistance: 0.5
  m_AutoUVMaxAngle: 89
  m_LightmapParameters: {fileID: 0}
  m_SortingLayerID: -1056912931
  m_SortingOrder: 0
  m_Sprite: {fileID: 21300000, guid: 1051ccc2b2ab79742816bf3130a62382, type: 3}
  m_Color: {r: 1, g: 1, b: 1, a: 1}
  m_FlipX: 0
  m_FlipY: 0
--- !u!212 &21254314
SpriteRenderer:
  m_ObjectHideFlags: 1
  m_PrefabParentObject: {fileID: 0}
  m_PrefabInternal: {fileID: 100100000}
  m_GameObject: {fileID: 101286}
  m_Enabled: 1
  m_CastShadows: 0
  m_ReceiveShadows: 0
  m_Materials:
  - {fileID: 2100000, guid: 0027729f0f276d340bb1bc55ac6d5697, type: 2}
  m_SubsetIndices: 
  m_StaticBatchRoot: {fileID: 0}
  m_UseLightProbes: 0
  m_ReflectionProbeUsage: 0
  m_ProbeAnchor: {fileID: 0}
  m_ScaleInLightmap: 1
  m_PreserveUVs: 0
  m_IgnoreNormalsForChartDetection: 0
  m_ImportantGI: 0
  m_MinimumChartSize: 4
  m_AutoUVMaxDistance: 0.5
  m_AutoUVMaxAngle: 89
  m_LightmapParameters: {fileID: 0}
  m_SortingLayerID: -1056912931
  m_SortingOrder: 0
  m_Sprite: {fileID: 21300000, guid: 27a0123b848f20749aac29a3ce79ec61, type: 3}
  m_Color: {r: 1, g: 1, b: 1, a: 1}
  m_FlipX: 0
  m_FlipY: 0
--- !u!212 &21255946
SpriteRenderer:
  m_ObjectHideFlags: 1
  m_PrefabParentObject: {fileID: 0}
  m_PrefabInternal: {fileID: 100100000}
  m_GameObject: {fileID: 136568}
  m_Enabled: 1
  m_CastShadows: 0
  m_ReceiveShadows: 0
  m_Materials:
  - {fileID: 2100000, guid: ba8dc964872830e43973b2612d087cc9, type: 2}
  m_SubsetIndices: 
  m_StaticBatchRoot: {fileID: 0}
  m_UseLightProbes: 0
  m_ReflectionProbeUsage: 0
  m_ProbeAnchor: {fileID: 0}
  m_ScaleInLightmap: 1
  m_PreserveUVs: 0
  m_IgnoreNormalsForChartDetection: 0
  m_ImportantGI: 0
  m_MinimumChartSize: 4
  m_AutoUVMaxDistance: 0.5
  m_AutoUVMaxAngle: 89
  m_LightmapParameters: {fileID: 0}
  m_SortingLayerID: -1056912931
  m_SortingOrder: 0
  m_Sprite: {fileID: 21300000, guid: cf8c5a152c336e34cb8958abbc292a47, type: 3}
  m_Color: {r: 1, g: 1, b: 1, a: 1}
  m_FlipX: 0
  m_FlipY: 0
--- !u!212 &21258956
SpriteRenderer:
  m_ObjectHideFlags: 1
  m_PrefabParentObject: {fileID: 0}
  m_PrefabInternal: {fileID: 100100000}
  m_GameObject: {fileID: 133844}
  m_Enabled: 1
  m_CastShadows: 0
  m_ReceiveShadows: 0
  m_Materials:
  - {fileID: 2100000, guid: ba8dc964872830e43973b2612d087cc9, type: 2}
  m_SubsetIndices: 
  m_StaticBatchRoot: {fileID: 0}
  m_UseLightProbes: 0
  m_ReflectionProbeUsage: 0
  m_ProbeAnchor: {fileID: 0}
  m_ScaleInLightmap: 1
  m_PreserveUVs: 0
  m_IgnoreNormalsForChartDetection: 0
  m_ImportantGI: 0
  m_MinimumChartSize: 4
  m_AutoUVMaxDistance: 0.5
  m_AutoUVMaxAngle: 89
  m_LightmapParameters: {fileID: 0}
  m_SortingLayerID: -1056912931
  m_SortingOrder: 0
  m_Sprite: {fileID: 21300000, guid: 20917868ec6427d41bee0ccaf4c0770c, type: 3}
  m_Color: {r: 1, g: 1, b: 1, a: 1}
  m_FlipX: 0
  m_FlipY: 0
--- !u!212 &21259194
SpriteRenderer:
  m_ObjectHideFlags: 1
  m_PrefabParentObject: {fileID: 0}
  m_PrefabInternal: {fileID: 100100000}
  m_GameObject: {fileID: 129416}
  m_Enabled: 1
  m_CastShadows: 0
  m_ReceiveShadows: 0
  m_Materials:
  - {fileID: 2100000, guid: ba8dc964872830e43973b2612d087cc9, type: 2}
  m_SubsetIndices: 
  m_StaticBatchRoot: {fileID: 0}
  m_UseLightProbes: 0
  m_ReflectionProbeUsage: 0
  m_ProbeAnchor: {fileID: 0}
  m_ScaleInLightmap: 1
  m_PreserveUVs: 0
  m_IgnoreNormalsForChartDetection: 0
  m_ImportantGI: 0
  m_MinimumChartSize: 4
  m_AutoUVMaxDistance: 0.5
  m_AutoUVMaxAngle: 89
  m_LightmapParameters: {fileID: 0}
  m_SortingLayerID: -1056912931
  m_SortingOrder: 0
  m_Sprite: {fileID: 21300000, guid: c696dcda856e4964ea857496344a1448, type: 3}
  m_Color: {r: 1, g: 1, b: 1, a: 1}
  m_FlipX: 0
  m_FlipY: 0
--- !u!212 &21263254
SpriteRenderer:
  m_ObjectHideFlags: 1
  m_PrefabParentObject: {fileID: 0}
  m_PrefabInternal: {fileID: 100100000}
  m_GameObject: {fileID: 145582}
  m_Enabled: 1
  m_CastShadows: 0
  m_ReceiveShadows: 0
  m_Materials:
  - {fileID: 2100000, guid: 0027729f0f276d340bb1bc55ac6d5697, type: 2}
  m_SubsetIndices: 
  m_StaticBatchRoot: {fileID: 0}
  m_UseLightProbes: 0
  m_ReflectionProbeUsage: 0
  m_ProbeAnchor: {fileID: 0}
  m_ScaleInLightmap: 1
  m_PreserveUVs: 0
  m_IgnoreNormalsForChartDetection: 0
  m_ImportantGI: 0
  m_MinimumChartSize: 4
  m_AutoUVMaxDistance: 0.5
  m_AutoUVMaxAngle: 89
  m_LightmapParameters: {fileID: 0}
  m_SortingLayerID: -1056912931
  m_SortingOrder: 0
  m_Sprite: {fileID: 21300000, guid: 128ea8525b902084ea4238a4f315e617, type: 3}
  m_Color: {r: 1, g: 1, b: 1, a: 1}
  m_FlipX: 0
  m_FlipY: 0
--- !u!212 &21264048
SpriteRenderer:
  m_ObjectHideFlags: 1
  m_PrefabParentObject: {fileID: 0}
  m_PrefabInternal: {fileID: 100100000}
  m_GameObject: {fileID: 116274}
  m_Enabled: 1
  m_CastShadows: 0
  m_ReceiveShadows: 0
  m_Materials:
  - {fileID: 2100000, guid: ba8dc964872830e43973b2612d087cc9, type: 2}
  m_SubsetIndices: 
  m_StaticBatchRoot: {fileID: 0}
  m_UseLightProbes: 0
  m_ReflectionProbeUsage: 0
  m_ProbeAnchor: {fileID: 0}
  m_ScaleInLightmap: 1
  m_PreserveUVs: 0
  m_IgnoreNormalsForChartDetection: 0
  m_ImportantGI: 0
  m_MinimumChartSize: 4
  m_AutoUVMaxDistance: 0.5
  m_AutoUVMaxAngle: 89
  m_LightmapParameters: {fileID: 0}
  m_SortingLayerID: -1056912931
  m_SortingOrder: 0
  m_Sprite: {fileID: 21300000, guid: 8a6c6662c3780ed4a9958b5f76604565, type: 3}
  m_Color: {r: 1, g: 1, b: 1, a: 1}
  m_FlipX: 0
  m_FlipY: 0
--- !u!212 &21264068
SpriteRenderer:
  m_ObjectHideFlags: 1
  m_PrefabParentObject: {fileID: 0}
  m_PrefabInternal: {fileID: 100100000}
  m_GameObject: {fileID: 122328}
  m_Enabled: 1
  m_CastShadows: 0
  m_ReceiveShadows: 0
  m_Materials:
  - {fileID: 2100000, guid: 0027729f0f276d340bb1bc55ac6d5697, type: 2}
  m_SubsetIndices: 
  m_StaticBatchRoot: {fileID: 0}
  m_UseLightProbes: 0
  m_ReflectionProbeUsage: 0
  m_ProbeAnchor: {fileID: 0}
  m_ScaleInLightmap: 1
  m_PreserveUVs: 0
  m_IgnoreNormalsForChartDetection: 0
  m_ImportantGI: 0
  m_MinimumChartSize: 4
  m_AutoUVMaxDistance: 0.5
  m_AutoUVMaxAngle: 89
  m_LightmapParameters: {fileID: 0}
  m_SortingLayerID: -1056912931
  m_SortingOrder: 0
  m_Sprite: {fileID: 21300000, guid: d43af5bef21ff044ebd21d563f07ca65, type: 3}
  m_Color: {r: 1, g: 1, b: 1, a: 1}
  m_FlipX: 0
  m_FlipY: 0
--- !u!212 &21269630
SpriteRenderer:
  m_ObjectHideFlags: 1
  m_PrefabParentObject: {fileID: 0}
  m_PrefabInternal: {fileID: 100100000}
  m_GameObject: {fileID: 171744}
  m_Enabled: 1
  m_CastShadows: 0
  m_ReceiveShadows: 0
  m_Materials:
  - {fileID: 2100000, guid: 0027729f0f276d340bb1bc55ac6d5697, type: 2}
  m_SubsetIndices: 
  m_StaticBatchRoot: {fileID: 0}
  m_UseLightProbes: 0
  m_ReflectionProbeUsage: 0
  m_ProbeAnchor: {fileID: 0}
  m_ScaleInLightmap: 1
  m_PreserveUVs: 0
  m_IgnoreNormalsForChartDetection: 0
  m_ImportantGI: 0
  m_MinimumChartSize: 4
  m_AutoUVMaxDistance: 0.5
  m_AutoUVMaxAngle: 89
  m_LightmapParameters: {fileID: 0}
  m_SortingLayerID: -1056912931
  m_SortingOrder: 0
  m_Sprite: {fileID: 21300000, guid: 835d2d30f9e692440bc9f879d30e26e6, type: 3}
  m_Color: {r: 1, g: 1, b: 1, a: 1}
  m_FlipX: 0
  m_FlipY: 0
--- !u!212 &21277010
SpriteRenderer:
  m_ObjectHideFlags: 1
  m_PrefabParentObject: {fileID: 0}
  m_PrefabInternal: {fileID: 100100000}
  m_GameObject: {fileID: 131274}
  m_Enabled: 1
  m_CastShadows: 0
  m_ReceiveShadows: 0
  m_Materials:
  - {fileID: 2100000, guid: 0027729f0f276d340bb1bc55ac6d5697, type: 2}
  m_SubsetIndices: 
  m_StaticBatchRoot: {fileID: 0}
  m_UseLightProbes: 0
  m_ReflectionProbeUsage: 0
  m_ProbeAnchor: {fileID: 0}
  m_ScaleInLightmap: 1
  m_PreserveUVs: 0
  m_IgnoreNormalsForChartDetection: 0
  m_ImportantGI: 0
  m_MinimumChartSize: 4
  m_AutoUVMaxDistance: 0.5
  m_AutoUVMaxAngle: 89
  m_LightmapParameters: {fileID: 0}
  m_SortingLayerID: -1056912931
  m_SortingOrder: 0
  m_Sprite: {fileID: 21300000, guid: 68c60a55ee07ee940b9006ba6c3bffc9, type: 3}
  m_Color: {r: 1, g: 1, b: 1, a: 1}
  m_FlipX: 0
  m_FlipY: 0
--- !u!212 &21277336
SpriteRenderer:
  m_ObjectHideFlags: 1
  m_PrefabParentObject: {fileID: 0}
  m_PrefabInternal: {fileID: 100100000}
  m_GameObject: {fileID: 146816}
  m_Enabled: 1
  m_CastShadows: 0
  m_ReceiveShadows: 0
  m_Materials:
  - {fileID: 2100000, guid: 0027729f0f276d340bb1bc55ac6d5697, type: 2}
  m_SubsetIndices: 
  m_StaticBatchRoot: {fileID: 0}
  m_UseLightProbes: 0
  m_ReflectionProbeUsage: 0
  m_ProbeAnchor: {fileID: 0}
  m_ScaleInLightmap: 1
  m_PreserveUVs: 0
  m_IgnoreNormalsForChartDetection: 0
  m_ImportantGI: 0
  m_MinimumChartSize: 4
  m_AutoUVMaxDistance: 0.5
  m_AutoUVMaxAngle: 89
  m_LightmapParameters: {fileID: 0}
  m_SortingLayerID: -1056912931
  m_SortingOrder: 0
  m_Sprite: {fileID: 21300000, guid: 97629daf2ae339e418fa14846a461bab, type: 3}
  m_Color: {r: 1, g: 1, b: 1, a: 1}
  m_FlipX: 0
  m_FlipY: 0
--- !u!212 &21277794
SpriteRenderer:
  m_ObjectHideFlags: 1
  m_PrefabParentObject: {fileID: 0}
  m_PrefabInternal: {fileID: 100100000}
  m_GameObject: {fileID: 120272}
  m_Enabled: 1
  m_CastShadows: 0
  m_ReceiveShadows: 0
  m_Materials:
  - {fileID: 2100000, guid: ba8dc964872830e43973b2612d087cc9, type: 2}
  m_SubsetIndices: 
  m_StaticBatchRoot: {fileID: 0}
  m_UseLightProbes: 0
  m_ReflectionProbeUsage: 0
  m_ProbeAnchor: {fileID: 0}
  m_ScaleInLightmap: 1
  m_PreserveUVs: 0
  m_IgnoreNormalsForChartDetection: 0
  m_ImportantGI: 0
  m_MinimumChartSize: 4
  m_AutoUVMaxDistance: 0.5
  m_AutoUVMaxAngle: 89
  m_LightmapParameters: {fileID: 0}
  m_SortingLayerID: -1056912931
  m_SortingOrder: 0
  m_Sprite: {fileID: 21300000, guid: 6d1efeec7766f954691fd345aa8fb75f, type: 3}
  m_Color: {r: 1, g: 1, b: 1, a: 1}
  m_FlipX: 0
  m_FlipY: 0
--- !u!212 &21282292
SpriteRenderer:
  m_ObjectHideFlags: 1
  m_PrefabParentObject: {fileID: 0}
  m_PrefabInternal: {fileID: 100100000}
  m_GameObject: {fileID: 156408}
  m_Enabled: 1
  m_CastShadows: 0
  m_ReceiveShadows: 0
  m_Materials:
  - {fileID: 2100000, guid: 0027729f0f276d340bb1bc55ac6d5697, type: 2}
  m_SubsetIndices: 
  m_StaticBatchRoot: {fileID: 0}
  m_UseLightProbes: 0
  m_ReflectionProbeUsage: 0
  m_ProbeAnchor: {fileID: 0}
  m_ScaleInLightmap: 1
  m_PreserveUVs: 0
  m_IgnoreNormalsForChartDetection: 0
  m_ImportantGI: 0
  m_MinimumChartSize: 4
  m_AutoUVMaxDistance: 0.5
  m_AutoUVMaxAngle: 89
  m_LightmapParameters: {fileID: 0}
  m_SortingLayerID: -1056912931
  m_SortingOrder: 0
  m_Sprite: {fileID: 21300000, guid: 6df795d05028e704f931138ed3bf3293, type: 3}
  m_Color: {r: 1, g: 1, b: 1, a: 1}
  m_FlipX: 0
  m_FlipY: 0
--- !u!212 &21288366
SpriteRenderer:
  m_ObjectHideFlags: 1
  m_PrefabParentObject: {fileID: 0}
  m_PrefabInternal: {fileID: 100100000}
  m_GameObject: {fileID: 125334}
  m_Enabled: 1
  m_CastShadows: 0
  m_ReceiveShadows: 0
  m_Materials:
  - {fileID: 2100000, guid: ba8dc964872830e43973b2612d087cc9, type: 2}
  m_SubsetIndices: 
  m_StaticBatchRoot: {fileID: 0}
  m_UseLightProbes: 0
  m_ReflectionProbeUsage: 0
  m_ProbeAnchor: {fileID: 0}
  m_ScaleInLightmap: 1
  m_PreserveUVs: 0
  m_IgnoreNormalsForChartDetection: 0
  m_ImportantGI: 0
  m_MinimumChartSize: 4
  m_AutoUVMaxDistance: 0.5
  m_AutoUVMaxAngle: 89
  m_LightmapParameters: {fileID: 0}
  m_SortingLayerID: -1056912931
  m_SortingOrder: 0
  m_Sprite: {fileID: 21300000, guid: 649449ea5f3ba6a4bb267c654a50a360, type: 3}
  m_Color: {r: 1, g: 1, b: 1, a: 1}
  m_FlipX: 0
  m_FlipY: 0
--- !u!212 &21291336
SpriteRenderer:
  m_ObjectHideFlags: 1
  m_PrefabParentObject: {fileID: 0}
  m_PrefabInternal: {fileID: 100100000}
  m_GameObject: {fileID: 187406}
  m_Enabled: 1
  m_CastShadows: 0
  m_ReceiveShadows: 0
  m_Materials:
  - {fileID: 2100000, guid: ba8dc964872830e43973b2612d087cc9, type: 2}
  m_SubsetIndices: 
  m_StaticBatchRoot: {fileID: 0}
  m_UseLightProbes: 0
  m_ReflectionProbeUsage: 0
  m_ProbeAnchor: {fileID: 0}
  m_ScaleInLightmap: 1
  m_PreserveUVs: 0
  m_IgnoreNormalsForChartDetection: 0
  m_ImportantGI: 0
  m_MinimumChartSize: 4
  m_AutoUVMaxDistance: 0.5
  m_AutoUVMaxAngle: 89
  m_LightmapParameters: {fileID: 0}
  m_SortingLayerID: -1056912931
  m_SortingOrder: 0
  m_Sprite: {fileID: 21300000, guid: 64031c6539356af46b21fe78b62b10b4, type: 3}
  m_Color: {r: 1, g: 1, b: 1, a: 1}
  m_FlipX: 0
  m_FlipY: 0
--- !u!212 &21295062
SpriteRenderer:
  m_ObjectHideFlags: 1
  m_PrefabParentObject: {fileID: 0}
  m_PrefabInternal: {fileID: 100100000}
  m_GameObject: {fileID: 146652}
  m_Enabled: 1
  m_CastShadows: 0
  m_ReceiveShadows: 0
  m_Materials:
  - {fileID: 2100000, guid: 0027729f0f276d340bb1bc55ac6d5697, type: 2}
  m_SubsetIndices: 
  m_StaticBatchRoot: {fileID: 0}
  m_UseLightProbes: 0
  m_ReflectionProbeUsage: 0
  m_ProbeAnchor: {fileID: 0}
  m_ScaleInLightmap: 1
  m_PreserveUVs: 0
  m_IgnoreNormalsForChartDetection: 0
  m_ImportantGI: 0
  m_MinimumChartSize: 4
  m_AutoUVMaxDistance: 0.5
  m_AutoUVMaxAngle: 89
  m_LightmapParameters: {fileID: 0}
  m_SortingLayerID: -1056912931
  m_SortingOrder: 0
  m_Sprite: {fileID: 21300000, guid: 2a24de74563bf3d4e8885c1a1bacba82, type: 3}
  m_Color: {r: 1, g: 1, b: 1, a: 1}
  m_FlipX: 0
  m_FlipY: 0
--- !u!212 &21296332
SpriteRenderer:
  m_ObjectHideFlags: 1
  m_PrefabParentObject: {fileID: 0}
  m_PrefabInternal: {fileID: 100100000}
  m_GameObject: {fileID: 190854}
  m_Enabled: 1
  m_CastShadows: 0
  m_ReceiveShadows: 0
  m_Materials:
  - {fileID: 2100000, guid: 0027729f0f276d340bb1bc55ac6d5697, type: 2}
  m_SubsetIndices: 
  m_StaticBatchRoot: {fileID: 0}
  m_UseLightProbes: 0
  m_ReflectionProbeUsage: 0
  m_ProbeAnchor: {fileID: 0}
  m_ScaleInLightmap: 1
  m_PreserveUVs: 0
  m_IgnoreNormalsForChartDetection: 0
  m_ImportantGI: 0
  m_MinimumChartSize: 4
  m_AutoUVMaxDistance: 0.5
  m_AutoUVMaxAngle: 89
  m_LightmapParameters: {fileID: 0}
  m_SortingLayerID: -1056912931
  m_SortingOrder: 0
  m_Sprite: {fileID: 21300000, guid: 1f9b051e3963cfe4d82fc628f881d9a5, type: 3}
  m_Color: {r: 1, g: 1, b: 1, a: 1}
  m_FlipX: 0
  m_FlipY: 0
--- !u!1001 &100100000
Prefab:
  m_ObjectHideFlags: 1
  serializedVersion: 2
  m_Modification:
    m_TransformParent: {fileID: 0}
    m_Modifications: []
    m_RemovedComponents: []
  m_ParentPrefab: {fileID: 0}
  m_RootGameObject: {fileID: 171494}
  m_IsPrefabParent: 1
