%YAML 1.1
%TAG !u! tag:unity3d.com,2011:
--- !u!29 &1
SceneSettings:
  m_ObjectHideFlags: 0
  m_PVSData: 
  m_PVSObjectsArray: []
  m_PVSPortalsArray: []
  m_OcclusionBakeSettings:
    smallestOccluder: 5
    smallestHole: 0.25
    backfaceThreshold: 100
--- !u!104 &2
RenderSettings:
  m_ObjectHideFlags: 0
  serializedVersion: 6
  m_Fog: 0
  m_FogColor: {r: 0.5, g: 0.5, b: 0.5, a: 1}
  m_FogMode: 3
  m_FogDensity: 0.01
  m_LinearFogStart: 0
  m_LinearFogEnd: 300
  m_AmbientSkyColor: {r: 0.212, g: 0.227, b: 0.259, a: 1}
  m_AmbientEquatorColor: {r: 0.114, g: 0.125, b: 0.133, a: 1}
  m_AmbientGroundColor: {r: 0.047, g: 0.043, b: 0.035, a: 1}
  m_AmbientIntensity: 1
  m_AmbientMode: 3
  m_SkyboxMaterial: {fileID: 0}
  m_HaloStrength: 0.5
  m_FlareStrength: 1
  m_FlareFadeSpeed: 3
  m_HaloTexture: {fileID: 0}
  m_SpotCookie: {fileID: 10001, guid: 0000000000000000e000000000000000, type: 0}
  m_DefaultReflectionMode: 0
  m_DefaultReflectionResolution: 128
  m_ReflectionBounces: 1
  m_ReflectionIntensity: 1
  m_CustomReflection: {fileID: 0}
  m_Sun: {fileID: 0}
--- !u!157 &3
LightmapSettings:
  m_ObjectHideFlags: 0
  serializedVersion: 6
  m_GIWorkflowMode: 1
  m_LightmapsMode: 1
  m_GISettings:
    serializedVersion: 2
    m_BounceScale: 1
    m_IndirectOutputScale: 1
    m_AlbedoBoost: 1
    m_TemporalCoherenceThreshold: 1
    m_EnvironmentLightingMode: 0
    m_EnableBakedLightmaps: 0
    m_EnableRealtimeLightmaps: 0
  m_LightmapEditorSettings:
    serializedVersion: 3
    m_Resolution: 2
    m_BakeResolution: 40
    m_TextureWidth: 1024
    m_TextureHeight: 1024
    m_AOMaxDistance: 1
    m_Padding: 2
    m_CompAOExponent: 0
    m_LightmapParameters: {fileID: 0}
    m_TextureCompression: 1
    m_FinalGather: 0
    m_FinalGatherRayCount: 1024
    m_ReflectionCompression: 2
  m_LightingDataAsset: {fileID: 0}
  m_RuntimeCPUUsage: 25
--- !u!196 &4
NavMeshSettings:
  serializedVersion: 2
  m_ObjectHideFlags: 0
  m_BuildSettings:
    serializedVersion: 2
    agentRadius: 0.5
    agentHeight: 2
    agentSlope: 45
    agentClimb: 0.4
    ledgeDropHeight: 0
    maxJumpAcrossDistance: 0
    accuratePlacement: 0
    minRegionArea: 2
    cellSize: 0.16666667
    manualCellSize: 0
  m_NavMeshData: {fileID: 0}
--- !u!1 &289816356
GameObject:
  m_ObjectHideFlags: 0
  m_PrefabParentObject: {fileID: 0}
  m_PrefabInternal: {fileID: 0}
  serializedVersion: 4
  m_Component:
  - 224: {fileID: 289816357}
  - 222: {fileID: 289816359}
  - 114: {fileID: 289816358}
  - 114: {fileID: 289816360}
  m_Layer: 5
  m_Name: AlertTuto
  m_TagString: Untagged
  m_Icon: {fileID: 0}
  m_NavMeshLayer: 0
  m_StaticEditorFlags: 0
  m_IsActive: 1
--- !u!224 &289816357
RectTransform:
  m_ObjectHideFlags: 0
  m_PrefabParentObject: {fileID: 0}
  m_PrefabInternal: {fileID: 0}
  m_GameObject: {fileID: 289816356}
  m_LocalRotation: {x: 0, y: 0, z: 0, w: 1}
  m_LocalPosition: {x: 0, y: 0, z: 0}
  m_LocalScale: {x: 1, y: 1, z: 1}
  m_Children:
  - {fileID: 1162919831}
  - {fileID: 300102910}
  - {fileID: 1049536929}
  m_Father: {fileID: 1926969830}
  m_RootOrder: 3
  m_AnchorMin: {x: 0, y: 0}
  m_AnchorMax: {x: 1, y: 1}
  m_AnchoredPosition: {x: 0, y: -19.5}
  m_SizeDelta: {x: -289, y: -215}
  m_Pivot: {x: 0.5, y: 0.5}
--- !u!114 &289816358
MonoBehaviour:
  m_ObjectHideFlags: 0
  m_PrefabParentObject: {fileID: 0}
  m_PrefabInternal: {fileID: 0}
  m_GameObject: {fileID: 289816356}
  m_Enabled: 1
  m_EditorHideFlags: 0
  m_Script: {fileID: -765806418, guid: f5f67c52d1564df4a8936ccd202a3bd8, type: 3}
  m_Name: 
  m_EditorClassIdentifier: 
  m_Material: {fileID: 0}
  m_Color: {r: 1, g: 1, b: 1, a: 1}
  m_RaycastTarget: 1
  m_OnCullStateChanged:
    m_PersistentCalls:
      m_Calls: []
    m_TypeName: UnityEngine.UI.MaskableGraphic+CullStateChangedEvent, UnityEngine.UI,
      Version=1.0.0.0, Culture=neutral, PublicKeyToken=null
  m_Sprite: {fileID: 21300000, guid: d21f26ae2b494ba4abaf1a414152c90a, type: 3}
  m_Type: 0
  m_PreserveAspect: 0
  m_FillCenter: 1
  m_FillMethod: 4
  m_FillAmount: 1
  m_FillClockwise: 1
  m_FillOrigin: 0
--- !u!222 &289816359
CanvasRenderer:
  m_ObjectHideFlags: 0
  m_PrefabParentObject: {fileID: 0}
  m_PrefabInternal: {fileID: 0}
  m_GameObject: {fileID: 289816356}
--- !u!114 &289816360
MonoBehaviour:
  m_ObjectHideFlags: 0
  m_PrefabParentObject: {fileID: 0}
  m_PrefabInternal: {fileID: 0}
  m_GameObject: {fileID: 289816356}
  m_Enabled: 1
  m_EditorHideFlags: 0
  m_Script: {fileID: 11500000, guid: 3c51d440b1eb4a1488306b1327dc376a, type: 3}
  m_Name: 
  m_EditorClassIdentifier: 
--- !u!1 &300102909
GameObject:
  m_ObjectHideFlags: 0
  m_PrefabParentObject: {fileID: 0}
  m_PrefabInternal: {fileID: 0}
  serializedVersion: 4
  m_Component:
  - 224: {fileID: 300102910}
  - 222: {fileID: 300102913}
  - 114: {fileID: 300102912}
  - 114: {fileID: 300102911}
  m_Layer: 5
  m_Name: Non
  m_TagString: Untagged
  m_Icon: {fileID: 0}
  m_NavMeshLayer: 0
  m_StaticEditorFlags: 0
  m_IsActive: 1
--- !u!224 &300102910
RectTransform:
  m_ObjectHideFlags: 0
  m_PrefabParentObject: {fileID: 0}
  m_PrefabInternal: {fileID: 0}
  m_GameObject: {fileID: 300102909}
  m_LocalRotation: {x: 0, y: 0, z: 0, w: 1}
  m_LocalPosition: {x: 0, y: 0, z: 0}
  m_LocalScale: {x: 1, y: 1, z: 1}
  m_Children:
  - {fileID: 304923522}
  m_Father: {fileID: 289816357}
  m_RootOrder: 1
  m_AnchorMin: {x: 0.5, y: 0.5}
  m_AnchorMax: {x: 0.5, y: 0.5}
  m_AnchoredPosition: {x: -153.92, y: -134}
  m_SizeDelta: {x: 307.85, y: 90}
  m_Pivot: {x: 0.5, y: 0.5}
--- !u!114 &300102911
MonoBehaviour:
  m_ObjectHideFlags: 0
  m_PrefabParentObject: {fileID: 0}
  m_PrefabInternal: {fileID: 0}
  m_GameObject: {fileID: 300102909}
  m_Enabled: 1
  m_EditorHideFlags: 0
  m_Script: {fileID: 1392445389, guid: f5f67c52d1564df4a8936ccd202a3bd8, type: 3}
  m_Name: 
  m_EditorClassIdentifier: 
  m_Navigation:
    m_Mode: 3
    m_SelectOnUp: {fileID: 0}
    m_SelectOnDown: {fileID: 0}
    m_SelectOnLeft: {fileID: 0}
    m_SelectOnRight: {fileID: 0}
  m_Transition: 1
  m_Colors:
    m_NormalColor: {r: 1, g: 1, b: 1, a: 0}
    m_HighlightedColor: {r: 0.9607843, g: 0.9607843, b: 0.9607843, a: 0}
    m_PressedColor: {r: 0.78431374, g: 0.78431374, b: 0.78431374, a: 1}
    m_DisabledColor: {r: 0.78431374, g: 0.78431374, b: 0.78431374, a: 0.5019608}
    m_ColorMultiplier: 1
    m_FadeDuration: 0.1
  m_SpriteState:
    m_HighlightedSprite: {fileID: 0}
    m_PressedSprite: {fileID: 0}
    m_DisabledSprite: {fileID: 0}
  m_AnimationTriggers:
    m_NormalTrigger: Normal
    m_HighlightedTrigger: Highlighted
    m_PressedTrigger: Pressed
    m_DisabledTrigger: Disabled
  m_Interactable: 1
  m_TargetGraphic: {fileID: 300102912}
  m_OnClick:
    m_PersistentCalls:
      m_Calls:
      - m_Target: {fileID: 289816360}
        m_MethodName: DontPlay
        m_Mode: 1
        m_Arguments:
          m_ObjectArgument: {fileID: 0}
          m_ObjectArgumentAssemblyTypeName: UnityEngine.Object, UnityEngine
          m_IntArgument: 0
          m_FloatArgument: 0
          m_StringArgument: 
          m_BoolArgument: 0
        m_CallState: 2
    m_TypeName: UnityEngine.UI.Button+ButtonClickedEvent, UnityEngine.UI, Version=1.0.0.0,
      Culture=neutral, PublicKeyToken=null
--- !u!114 &300102912
MonoBehaviour:
  m_ObjectHideFlags: 0
  m_PrefabParentObject: {fileID: 0}
  m_PrefabInternal: {fileID: 0}
  m_GameObject: {fileID: 300102909}
  m_Enabled: 1
  m_EditorHideFlags: 0
  m_Script: {fileID: -765806418, guid: f5f67c52d1564df4a8936ccd202a3bd8, type: 3}
  m_Name: 
  m_EditorClassIdentifier: 
  m_Material: {fileID: 0}
  m_Color: {r: 1, g: 1, b: 1, a: 1}
  m_RaycastTarget: 1
  m_OnCullStateChanged:
    m_PersistentCalls:
      m_Calls: []
    m_TypeName: UnityEngine.UI.MaskableGraphic+CullStateChangedEvent, UnityEngine.UI,
      Version=1.0.0.0, Culture=neutral, PublicKeyToken=null
  m_Sprite: {fileID: 0}
  m_Type: 0
  m_PreserveAspect: 0
  m_FillCenter: 1
  m_FillMethod: 4
  m_FillAmount: 1
  m_FillClockwise: 1
  m_FillOrigin: 0
--- !u!222 &300102913
CanvasRenderer:
  m_ObjectHideFlags: 0
  m_PrefabParentObject: {fileID: 0}
  m_PrefabInternal: {fileID: 0}
  m_GameObject: {fileID: 300102909}
--- !u!1 &304923521
GameObject:
  m_ObjectHideFlags: 0
  m_PrefabParentObject: {fileID: 0}
  m_PrefabInternal: {fileID: 0}
  serializedVersion: 4
  m_Component:
  - 224: {fileID: 304923522}
  - 222: {fileID: 304923524}
  - 114: {fileID: 304923523}
  m_Layer: 5
  m_Name: Text
  m_TagString: Untagged
  m_Icon: {fileID: 0}
  m_NavMeshLayer: 0
  m_StaticEditorFlags: 0
  m_IsActive: 1
--- !u!224 &304923522
RectTransform:
  m_ObjectHideFlags: 0
  m_PrefabParentObject: {fileID: 0}
  m_PrefabInternal: {fileID: 0}
  m_GameObject: {fileID: 304923521}
  m_LocalRotation: {x: 0, y: 0, z: 0, w: 1}
  m_LocalPosition: {x: 0, y: 0, z: 0}
  m_LocalScale: {x: 1, y: 1, z: 1}
  m_Children: []
  m_Father: {fileID: 300102910}
  m_RootOrder: 0
  m_AnchorMin: {x: 0, y: 0}
  m_AnchorMax: {x: 1, y: 1}
  m_AnchoredPosition: {x: 0, y: 0}
  m_SizeDelta: {x: 0, y: 0}
  m_Pivot: {x: 0.5, y: 0.5}
--- !u!114 &304923523
MonoBehaviour:
  m_ObjectHideFlags: 0
  m_PrefabParentObject: {fileID: 0}
  m_PrefabInternal: {fileID: 0}
  m_GameObject: {fileID: 304923521}
  m_Enabled: 1
  m_EditorHideFlags: 0
  m_Script: {fileID: 708705254, guid: f5f67c52d1564df4a8936ccd202a3bd8, type: 3}
  m_Name: 
  m_EditorClassIdentifier: 
  m_Material: {fileID: 0}
  m_Color: {r: 1, g: 1, b: 1, a: 1}
  m_RaycastTarget: 1
  m_OnCullStateChanged:
    m_PersistentCalls:
      m_Calls: []
    m_TypeName: UnityEngine.UI.MaskableGraphic+CullStateChangedEvent, UnityEngine.UI,
      Version=1.0.0.0, Culture=neutral, PublicKeyToken=null
  m_FontData:
    m_Font: {fileID: 12800000, guid: 534e599658603ce4fb2a38e3150a533c, type: 3}
    m_FontSize: 14
    m_FontStyle: 0
    m_BestFit: 1
    m_MinSize: 10
    m_MaxSize: 64
    m_Alignment: 4
    m_AlignByGeometry: 0
    m_RichText: 1
    m_HorizontalOverflow: 0
    m_VerticalOverflow: 0
    m_LineSpacing: 1
  m_Text: Non
--- !u!222 &304923524
CanvasRenderer:
  m_ObjectHideFlags: 0
  m_PrefabParentObject: {fileID: 0}
  m_PrefabInternal: {fileID: 0}
  m_GameObject: {fileID: 304923521}
--- !u!1 &325782028 stripped
GameObject:
  m_PrefabParentObject: {fileID: 146104, guid: cc41603f4d45aca48ac033c0b42d5be1, type: 2}
  m_PrefabInternal: {fileID: 1493277748}
--- !u!114 &325782030
MonoBehaviour:
  m_ObjectHideFlags: 0
  m_PrefabParentObject: {fileID: 0}
  m_PrefabInternal: {fileID: 0}
  m_GameObject: {fileID: 325782028}
  m_Enabled: 1
  m_EditorHideFlags: 0
  m_Script: {fileID: 11500000, guid: da3c271a5dadb444e9c953539ac32b49, type: 3}
  m_Name: 
  m_EditorClassIdentifier: 
  actif: {fileID: 21300000, guid: 29cf4cf24e7a03c4e981d2e216e922e8, type: 3}
  nonActif: {fileID: 21300000, guid: 79fd8ebdabf65854098730ce718e4baa, type: 3}
--- !u!1 &418837277
GameObject:
  m_ObjectHideFlags: 0
  m_PrefabParentObject: {fileID: 0}
  m_PrefabInternal: {fileID: 0}
  serializedVersion: 4
  m_Component:
  - 4: {fileID: 418837280}
  - 114: {fileID: 418837279}
  - 114: {fileID: 418837278}
  m_Layer: 0
  m_Name: EventSystem
  m_TagString: Untagged
  m_Icon: {fileID: 0}
  m_NavMeshLayer: 0
  m_StaticEditorFlags: 0
  m_IsActive: 1
--- !u!114 &418837278
MonoBehaviour:
  m_ObjectHideFlags: 0
  m_PrefabParentObject: {fileID: 0}
  m_PrefabInternal: {fileID: 0}
  m_GameObject: {fileID: 418837277}
  m_Enabled: 1
  m_EditorHideFlags: 0
  m_Script: {fileID: 1077351063, guid: f5f67c52d1564df4a8936ccd202a3bd8, type: 3}
  m_Name: 
  m_EditorClassIdentifier: 
  m_HorizontalAxis: Horizontal
  m_VerticalAxis: Vertical
  m_SubmitButton: Submit
  m_CancelButton: Cancel
  m_InputActionsPerSecond: 10
  m_RepeatDelay: 0.5
  m_ForceModuleActive: 0
--- !u!114 &418837279
MonoBehaviour:
  m_ObjectHideFlags: 0
  m_PrefabParentObject: {fileID: 0}
  m_PrefabInternal: {fileID: 0}
  m_GameObject: {fileID: 418837277}
  m_Enabled: 1
  m_EditorHideFlags: 0
  m_Script: {fileID: -619905303, guid: f5f67c52d1564df4a8936ccd202a3bd8, type: 3}
  m_Name: 
  m_EditorClassIdentifier: 
  m_FirstSelected: {fileID: 0}
  m_sendNavigationEvents: 1
  m_DragThreshold: 5
--- !u!4 &418837280
Transform:
  m_ObjectHideFlags: 0
  m_PrefabParentObject: {fileID: 0}
  m_PrefabInternal: {fileID: 0}
  m_GameObject: {fileID: 418837277}
  m_LocalRotation: {x: 0, y: 0, z: 0, w: 1}
  m_LocalPosition: {x: 0, y: 0, z: 0}
  m_LocalScale: {x: 1, y: 1, z: 1}
  m_Children: []
  m_Father: {fileID: 0}
  m_RootOrder: 2
--- !u!1 &466155186
GameObject:
  m_ObjectHideFlags: 0
  m_PrefabParentObject: {fileID: 0}
  m_PrefabInternal: {fileID: 0}
  serializedVersion: 4
  m_Component:
  - 4: {fileID: 466155189}
  - 114: {fileID: 466155188}
  - 114: {fileID: 466155187}
  m_Layer: 0
  m_Name: Reporter
  m_TagString: Untagged
  m_Icon: {fileID: 0}
  m_NavMeshLayer: 0
  m_StaticEditorFlags: 0
  m_IsActive: 1
--- !u!114 &466155187
MonoBehaviour:
  m_ObjectHideFlags: 0
  m_PrefabParentObject: {fileID: 0}
  m_PrefabInternal: {fileID: 0}
  m_GameObject: {fileID: 466155186}
  m_Enabled: 1
  m_EditorHideFlags: 0
  m_Script: {fileID: 11500000, guid: 6767a180de870304caa2013b2772dd62, type: 3}
  m_Name: 
  m_EditorClassIdentifier: 
--- !u!114 &466155188
MonoBehaviour:
  m_ObjectHideFlags: 0
  m_PrefabParentObject: {fileID: 0}
  m_PrefabInternal: {fileID: 0}
  m_GameObject: {fileID: 466155186}
  m_Enabled: 1
  m_EditorHideFlags: 0
  m_Script: {fileID: 11500000, guid: 600c02144c4813244abd262cbcbe8825, type: 3}
  m_Name: 
  m_EditorClassIdentifier: 
  show: 0
  UserData: 
  fps: 0
  fpsText: 
  images:
    clearImage: {fileID: 2800000, guid: 112c6fcf56e349449ab2e6ad76b67816, type: 3}
    collapseImage: {fileID: 2800000, guid: 4623f326a884a2546ab39078bf7822c3, type: 3}
    clearOnNewSceneImage: {fileID: 2800000, guid: 3a6bc61a8319b1949ab9f1f2db1302b4,
      type: 3}
    showTimeImage: {fileID: 2800000, guid: 782e03669fa4a614e89ef56252134250, type: 3}
    showSceneImage: {fileID: 2800000, guid: ff4dfb29f203a174ab8e4c498afe908a, type: 3}
    userImage: {fileID: 2800000, guid: 2bcdc012e7356f1449ce7d3a31dc458c, type: 3}
    showMemoryImage: {fileID: 2800000, guid: f447d62f2dacf9843be7cbf168a3a9d0, type: 3}
    softwareImage: {fileID: 2800000, guid: 6c91fc88ee6c791468318d85febfb48d, type: 3}
    dateImage: {fileID: 2800000, guid: a7561cd0a9f62a84e99bff1abce2a222, type: 3}
    showFpsImage: {fileID: 2800000, guid: 90b2f48155dc0e74f8e428561ac79da5, type: 3}
    showGraphImage: {fileID: 0}
    graphImage: {fileID: 2800000, guid: 903d664043815ca4a9cc1f548bdd4b21, type: 3}
    infoImage: {fileID: 2800000, guid: 2954bef266e6d794aba08ceacc887a0f, type: 3}
    searchImage: {fileID: 2800000, guid: bfef37b5a26d2264798616d960451329, type: 3}
    closeImage: {fileID: 2800000, guid: b65e9be99974bc94eab5d6698811d0b8, type: 3}
    buildFromImage: {fileID: 2800000, guid: 8702be598dd9f504ca33be2afee2ca33, type: 3}
    systemInfoImage: {fileID: 2800000, guid: e9011b1dc9256ad4d9c19a31c595f95f, type: 3}
    graphicsInfoImage: {fileID: 2800000, guid: 999d31716332cc04eb4abc9c9270b0ca, type: 3}
    backImage: {fileID: 2800000, guid: a0632a18e7c665641b94fea66506ab50, type: 3}
    cameraImage: {fileID: 0}
    logImage: {fileID: 2800000, guid: e876b803a4dd5c5488078071d15aa9c0, type: 3}
    warningImage: {fileID: 2800000, guid: 1066be8e7b994b94c8a182b8dbe30705, type: 3}
    errorImage: {fileID: 2800000, guid: 7640ebf8b3a92124d821d3b4b8b3fd7e, type: 3}
    barImage: {fileID: 2800000, guid: 8128d4f4c0193e34586f9631ef7d4787, type: 3}
    button_activeImage: {fileID: 2800000, guid: 2580a2e903691e44282e56ed6e0ff37a,
      type: 3}
    even_logImage: {fileID: 2800000, guid: d27aad55b568c6544b0b95a95da44bc7, type: 3}
    odd_logImage: {fileID: 2800000, guid: 8ffbb44a2c3adae45913474e4fd487f5, type: 3}
    selectedImage: {fileID: 2800000, guid: 17117a429b08e7e43b0b6c8421de69fe, type: 3}
    reporterScrollerSkin: {fileID: 11400000, guid: 1cc68832d00d3284a9324a4dc05be753,
      type: 2}
  size: {x: 32, y: 32}
  maxSize: 20
  numOfCircleToShow: 5
  Initialized: 0
--- !u!4 &466155189
Transform:
  m_ObjectHideFlags: 0
  m_PrefabParentObject: {fileID: 0}
  m_PrefabInternal: {fileID: 0}
  m_GameObject: {fileID: 466155186}
  m_LocalRotation: {x: 0, y: 0, z: 0, w: 1}
  m_LocalPosition: {x: 0, y: 0, z: 0}
  m_LocalScale: {x: 1, y: 1, z: 1}
  m_Children: []
  m_Father: {fileID: 0}
  m_RootOrder: 3
--- !u!114 &546184015 stripped
MonoBehaviour:
  m_PrefabParentObject: {fileID: 11492748, guid: cc41603f4d45aca48ac033c0b42d5be1,
    type: 2}
  m_PrefabInternal: {fileID: 1493277748}
  m_Script: {fileID: 11500000, guid: 6c8002ddf89b7f843abaf41c0816ff61, type: 3}
--- !u!1 &1049536928
GameObject:
  m_ObjectHideFlags: 0
  m_PrefabParentObject: {fileID: 0}
  m_PrefabInternal: {fileID: 0}
  serializedVersion: 4
  m_Component:
  - 224: {fileID: 1049536929}
  - 222: {fileID: 1049536932}
  - 114: {fileID: 1049536931}
  - 114: {fileID: 1049536930}
  m_Layer: 5
  m_Name: Oui
  m_TagString: Untagged
  m_Icon: {fileID: 0}
  m_NavMeshLayer: 0
  m_StaticEditorFlags: 0
  m_IsActive: 1
--- !u!224 &1049536929
RectTransform:
  m_ObjectHideFlags: 0
  m_PrefabParentObject: {fileID: 0}
  m_PrefabInternal: {fileID: 0}
  m_GameObject: {fileID: 1049536928}
  m_LocalRotation: {x: 0, y: 0, z: 0, w: 1}
  m_LocalPosition: {x: 0, y: 0, z: 0}
  m_LocalScale: {x: 1, y: 1, z: 1}
  m_Children:
  - {fileID: 1747385401}
  m_Father: {fileID: 289816357}
  m_RootOrder: 2
  m_AnchorMin: {x: 0.5, y: 0.5}
  m_AnchorMax: {x: 0.5, y: 0.5}
  m_AnchoredPosition: {x: 146.49, y: -135.01}
  m_SizeDelta: {x: 292.97, y: 87.97}
  m_Pivot: {x: 0.5, y: 0.5}
--- !u!114 &1049536930
MonoBehaviour:
  m_ObjectHideFlags: 0
  m_PrefabParentObject: {fileID: 0}
  m_PrefabInternal: {fileID: 0}
  m_GameObject: {fileID: 1049536928}
  m_Enabled: 1
  m_EditorHideFlags: 0
  m_Script: {fileID: 1392445389, guid: f5f67c52d1564df4a8936ccd202a3bd8, type: 3}
  m_Name: 
  m_EditorClassIdentifier: 
  m_Navigation:
    m_Mode: 3
    m_SelectOnUp: {fileID: 0}
    m_SelectOnDown: {fileID: 0}
    m_SelectOnLeft: {fileID: 0}
    m_SelectOnRight: {fileID: 0}
  m_Transition: 1
  m_Colors:
    m_NormalColor: {r: 1, g: 1, b: 1, a: 0}
    m_HighlightedColor: {r: 0.9607843, g: 0.9607843, b: 0.9607843, a: 0}
    m_PressedColor: {r: 0.78431374, g: 0.78431374, b: 0.78431374, a: 1}
    m_DisabledColor: {r: 0.78431374, g: 0.78431374, b: 0.78431374, a: 0.5019608}
    m_ColorMultiplier: 1
    m_FadeDuration: 0.1
  m_SpriteState:
    m_HighlightedSprite: {fileID: 0}
    m_PressedSprite: {fileID: 0}
    m_DisabledSprite: {fileID: 0}
  m_AnimationTriggers:
    m_NormalTrigger: Normal
    m_HighlightedTrigger: Highlighted
    m_PressedTrigger: Pressed
    m_DisabledTrigger: Disabled
  m_Interactable: 1
  m_TargetGraphic: {fileID: 1049536931}
  m_OnClick:
    m_PersistentCalls:
      m_Calls:
      - m_Target: {fileID: 289816360}
        m_MethodName: Play
        m_Mode: 1
        m_Arguments:
          m_ObjectArgument: {fileID: 0}
          m_ObjectArgumentAssemblyTypeName: UnityEngine.Object, UnityEngine
          m_IntArgument: 0
          m_FloatArgument: 0
          m_StringArgument: 
          m_BoolArgument: 0
        m_CallState: 2
      - m_Target: {fileID: 546184015}
        m_MethodName: SendEventMessage
        m_Mode: 5
        m_Arguments:
          m_ObjectArgument: {fileID: 0}
          m_ObjectArgumentAssemblyTypeName: UnityEngine.Object, UnityEngine
          m_IntArgument: 0
          m_FloatArgument: 0
          m_StringArgument: ON_START
          m_BoolArgument: 0
        m_CallState: 2
    m_TypeName: UnityEngine.UI.Button+ButtonClickedEvent, UnityEngine.UI, Version=1.0.0.0,
      Culture=neutral, PublicKeyToken=null
--- !u!114 &1049536931
MonoBehaviour:
  m_ObjectHideFlags: 0
  m_PrefabParentObject: {fileID: 0}
  m_PrefabInternal: {fileID: 0}
  m_GameObject: {fileID: 1049536928}
  m_Enabled: 1
  m_EditorHideFlags: 0
  m_Script: {fileID: -765806418, guid: f5f67c52d1564df4a8936ccd202a3bd8, type: 3}
  m_Name: 
  m_EditorClassIdentifier: 
  m_Material: {fileID: 0}
  m_Color: {r: 1, g: 1, b: 1, a: 1}
  m_RaycastTarget: 1
  m_OnCullStateChanged:
    m_PersistentCalls:
      m_Calls: []
    m_TypeName: UnityEngine.UI.MaskableGraphic+CullStateChangedEvent, UnityEngine.UI,
      Version=1.0.0.0, Culture=neutral, PublicKeyToken=null
  m_Sprite: {fileID: 0}
  m_Type: 1
  m_PreserveAspect: 0
  m_FillCenter: 1
  m_FillMethod: 4
  m_FillAmount: 1
  m_FillClockwise: 1
  m_FillOrigin: 0
--- !u!222 &1049536932
CanvasRenderer:
  m_ObjectHideFlags: 0
  m_PrefabParentObject: {fileID: 0}
  m_PrefabInternal: {fileID: 0}
  m_GameObject: {fileID: 1049536928}
--- !u!4 &1055519799 stripped
Transform:
  m_PrefabParentObject: {fileID: 447538, guid: ba3b8b5199df3f9489dd992eb0435e9e, type: 2}
  m_PrefabInternal: {fileID: 1664972685}
--- !u!1 &1162919830
GameObject:
  m_ObjectHideFlags: 0
  m_PrefabParentObject: {fileID: 0}
  m_PrefabInternal: {fileID: 0}
  serializedVersion: 4
  m_Component:
  - 224: {fileID: 1162919831}
  - 222: {fileID: 1162919833}
  - 114: {fileID: 1162919832}
  m_Layer: 5
  m_Name: Text
  m_TagString: Untagged
  m_Icon: {fileID: 0}
  m_NavMeshLayer: 0
  m_StaticEditorFlags: 0
  m_IsActive: 1
--- !u!224 &1162919831
RectTransform:
  m_ObjectHideFlags: 0
  m_PrefabParentObject: {fileID: 0}
  m_PrefabInternal: {fileID: 0}
  m_GameObject: {fileID: 1162919830}
  m_LocalRotation: {x: 0, y: 0, z: 0, w: 1}
  m_LocalPosition: {x: 0, y: 0, z: 0}
  m_LocalScale: {x: 1, y: 1, z: 1}
  m_Children: []
  m_Father: {fileID: 289816357}
  m_RootOrder: 0
  m_AnchorMin: {x: 0.078442186, y: 0.3353834}
  m_AnchorMax: {x: 0.8986056, y: 0.892}
  m_AnchoredPosition: {x: 1, y: -0.2499733}
  m_SizeDelta: {x: -2, y: -0.5}
  m_Pivot: {x: 0.5, y: 0.5}
--- !u!114 &1162919832
MonoBehaviour:
  m_ObjectHideFlags: 0
  m_PrefabParentObject: {fileID: 0}
  m_PrefabInternal: {fileID: 0}
  m_GameObject: {fileID: 1162919830}
  m_Enabled: 1
  m_EditorHideFlags: 0
  m_Script: {fileID: 708705254, guid: f5f67c52d1564df4a8936ccd202a3bd8, type: 3}
  m_Name: 
  m_EditorClassIdentifier: 
  m_Material: {fileID: 0}
  m_Color: {r: 1, g: 1, b: 1, a: 1}
  m_RaycastTarget: 1
  m_OnCullStateChanged:
    m_PersistentCalls:
      m_Calls: []
    m_TypeName: UnityEngine.UI.MaskableGraphic+CullStateChangedEvent, UnityEngine.UI,
      Version=1.0.0.0, Culture=neutral, PublicKeyToken=null
  m_FontData:
    m_Font: {fileID: 12800000, guid: 534e599658603ce4fb2a38e3150a533c, type: 3}
    m_FontSize: 14
    m_FontStyle: 0
    m_BestFit: 1
    m_MinSize: 10
    m_MaxSize: 78
    m_Alignment: 3
    m_AlignByGeometry: 0
    m_RichText: 1
    m_HorizontalOverflow: 0
    m_VerticalOverflow: 0
    m_LineSpacing: 1
  m_Text: Vous n'avez pas encore fait votre formation pour devenir un vrai alienBuster..
    voulez vous vraiment partir en mission?
--- !u!222 &1162919833
CanvasRenderer:
  m_ObjectHideFlags: 0
  m_PrefabParentObject: {fileID: 0}
  m_PrefabInternal: {fileID: 0}
  m_GameObject: {fileID: 1162919830}
--- !u!1001 &1493277748
Prefab:
  m_ObjectHideFlags: 0
  serializedVersion: 2
  m_Modification:
    m_TransformParent: {fileID: 0}
    m_Modifications:
    - target: {fileID: 11483428, guid: cc41603f4d45aca48ac033c0b42d5be1, type: 2}
      propertyPath: m_OnClick.m_PersistentCalls.m_Calls.Array.size
      value: 1
      objectReference: {fileID: 0}
    - target: {fileID: 491524, guid: cc41603f4d45aca48ac033c0b42d5be1, type: 2}
      propertyPath: m_LocalPosition.x
      value: 0
      objectReference: {fileID: 0}
    - target: {fileID: 491524, guid: cc41603f4d45aca48ac033c0b42d5be1, type: 2}
      propertyPath: m_LocalPosition.y
      value: 0
      objectReference: {fileID: 0}
    - target: {fileID: 491524, guid: cc41603f4d45aca48ac033c0b42d5be1, type: 2}
      propertyPath: m_LocalPosition.z
      value: 0
      objectReference: {fileID: 0}
    - target: {fileID: 491524, guid: cc41603f4d45aca48ac033c0b42d5be1, type: 2}
      propertyPath: m_LocalRotation.x
      value: 0
      objectReference: {fileID: 0}
    - target: {fileID: 491524, guid: cc41603f4d45aca48ac033c0b42d5be1, type: 2}
      propertyPath: m_LocalRotation.y
      value: 0
      objectReference: {fileID: 0}
    - target: {fileID: 491524, guid: cc41603f4d45aca48ac033c0b42d5be1, type: 2}
      propertyPath: m_LocalRotation.z
      value: 0
      objectReference: {fileID: 0}
    - target: {fileID: 491524, guid: cc41603f4d45aca48ac033c0b42d5be1, type: 2}
      propertyPath: m_LocalRotation.w
      value: 1
      objectReference: {fileID: 0}
    - target: {fileID: 491524, guid: cc41603f4d45aca48ac033c0b42d5be1, type: 2}
      propertyPath: m_RootOrder
      value: 1
      objectReference: {fileID: 0}
    - target: {fileID: 11416272, guid: cc41603f4d45aca48ac033c0b42d5be1, type: 2}
      propertyPath: m_MinPlayers
      value: 4
      objectReference: {fileID: 0}
    - target: {fileID: 11428460, guid: cc41603f4d45aca48ac033c0b42d5be1, type: 2}
      propertyPath: m_Interactable
      value: 1
      objectReference: {fileID: 0}
    - target: {fileID: 22413172, guid: cc41603f4d45aca48ac033c0b42d5be1, type: 2}
      propertyPath: m_AnchoredPosition.y
      value: -16
      objectReference: {fileID: 0}
    - target: {fileID: 22413172, guid: cc41603f4d45aca48ac033c0b42d5be1, type: 2}
      propertyPath: m_SizeDelta.y
      value: 303
      objectReference: {fileID: 0}
    - target: {fileID: 22413172, guid: cc41603f4d45aca48ac033c0b42d5be1, type: 2}
      propertyPath: m_AnchoredPosition.x
      value: 224
      objectReference: {fileID: 0}
    - target: {fileID: 11476498, guid: cc41603f4d45aca48ac033c0b42d5be1, type: 2}
      propertyPath: m_PreserveAspect
      value: 1
      objectReference: {fileID: 0}
    - target: {fileID: 22413172, guid: cc41603f4d45aca48ac033c0b42d5be1, type: 2}
      propertyPath: m_SizeDelta.x
      value: 463
      objectReference: {fileID: 0}
    - target: {fileID: 22428282, guid: cc41603f4d45aca48ac033c0b42d5be1, type: 2}
      propertyPath: m_RootOrder
      value: 1
      objectReference: {fileID: 0}
    - target: {fileID: 22480976, guid: cc41603f4d45aca48ac033c0b42d5be1, type: 2}
      propertyPath: m_RootOrder
      value: 2
      objectReference: {fileID: 0}
    - target: {fileID: 22497934, guid: cc41603f4d45aca48ac033c0b42d5be1, type: 2}
      propertyPath: m_RootOrder
      value: 0
      objectReference: {fileID: 0}
    - target: {fileID: 135334, guid: cc41603f4d45aca48ac033c0b42d5be1, type: 2}
      propertyPath: m_IsActive
      value: 1
      objectReference: {fileID: 0}
    - target: {fileID: 193648, guid: cc41603f4d45aca48ac033c0b42d5be1, type: 2}
      propertyPath: m_IsActive
      value: 0
      objectReference: {fileID: 0}
    - target: {fileID: 11486410, guid: cc41603f4d45aca48ac033c0b42d5be1, type: 2}
      propertyPath: verbose
      value: 0
      objectReference: {fileID: 0}
    - target: {fileID: 11483428, guid: cc41603f4d45aca48ac033c0b42d5be1, type: 2}
      propertyPath: m_OnClick.m_PersistentCalls.m_Calls.Array.data[0].m_Mode
      value: 1
      objectReference: {fileID: 0}
    - target: {fileID: 11483428, guid: cc41603f4d45aca48ac033c0b42d5be1, type: 2}
      propertyPath: m_OnClick.m_PersistentCalls.m_Calls.Array.data[0].m_CallState
      value: 2
      objectReference: {fileID: 0}
    - target: {fileID: 11483428, guid: cc41603f4d45aca48ac033c0b42d5be1, type: 2}
      propertyPath: m_OnClick.m_PersistentCalls.m_Calls.Array.data[0].m_Target
      value: 
      objectReference: {fileID: 325782030}
    - target: {fileID: 11483428, guid: cc41603f4d45aca48ac033c0b42d5be1, type: 2}
      propertyPath: m_OnClick.m_PersistentCalls.m_Calls.Array.data[0].m_MethodName
      value: Click
      objectReference: {fileID: 0}
    - target: {fileID: 11483428, guid: cc41603f4d45aca48ac033c0b42d5be1, type: 2}
      propertyPath: m_OnClick.m_PersistentCalls.m_Calls.Array.data[0].m_Arguments.m_ObjectArgumentAssemblyTypeName
      value: UnityEngine.Object, UnityEngine
      objectReference: {fileID: 0}
    - target: {fileID: 11402886, guid: cc41603f4d45aca48ac033c0b42d5be1, type: 2}
      propertyPath: debugConnection
      value: 0
      objectReference: {fileID: 0}
    - target: {fileID: 11416272, guid: cc41603f4d45aca48ac033c0b42d5be1, type: 2}
      propertyPath: m_CustomConfig
      value: 0
      objectReference: {fileID: 0}
    m_RemovedComponents:
    - {fileID: 11486410, guid: cc41603f4d45aca48ac033c0b42d5be1, type: 2}
    - {fileID: 11485932, guid: cc41603f4d45aca48ac033c0b42d5be1, type: 2}
  m_ParentPrefab: {fileID: 100100000, guid: cc41603f4d45aca48ac033c0b42d5be1, type: 2}
  m_IsPrefabParent: 0
--- !u!1001 &1664972685
Prefab:
  m_ObjectHideFlags: 0
  serializedVersion: 2
  m_Modification:
    m_TransformParent: {fileID: 1754143255}
    m_Modifications:
    - target: {fileID: 447538, guid: ba3b8b5199df3f9489dd992eb0435e9e, type: 2}
      propertyPath: m_LocalPosition.x
      value: 0
      objectReference: {fileID: 0}
    - target: {fileID: 447538, guid: ba3b8b5199df3f9489dd992eb0435e9e, type: 2}
      propertyPath: m_LocalPosition.y
      value: 0
      objectReference: {fileID: 0}
    - target: {fileID: 447538, guid: ba3b8b5199df3f9489dd992eb0435e9e, type: 2}
      propertyPath: m_LocalPosition.z
      value: 0
      objectReference: {fileID: 0}
    - target: {fileID: 447538, guid: ba3b8b5199df3f9489dd992eb0435e9e, type: 2}
      propertyPath: m_LocalRotation.x
      value: 0
      objectReference: {fileID: 0}
    - target: {fileID: 447538, guid: ba3b8b5199df3f9489dd992eb0435e9e, type: 2}
      propertyPath: m_LocalRotation.y
      value: 0
      objectReference: {fileID: 0}
    - target: {fileID: 447538, guid: ba3b8b5199df3f9489dd992eb0435e9e, type: 2}
      propertyPath: m_LocalRotation.z
      value: 0
      objectReference: {fileID: 0}
    - target: {fileID: 447538, guid: ba3b8b5199df3f9489dd992eb0435e9e, type: 2}
      propertyPath: m_LocalRotation.w
      value: 1
      objectReference: {fileID: 0}
    - target: {fileID: 447538, guid: ba3b8b5199df3f9489dd992eb0435e9e, type: 2}
      propertyPath: m_RootOrder
      value: 0
      objectReference: {fileID: 0}
    - target: {fileID: 447538, guid: ba3b8b5199df3f9489dd992eb0435e9e, type: 2}
      propertyPath: m_LocalScale.x
      value: 1
      objectReference: {fileID: 0}
    - target: {fileID: 447538, guid: ba3b8b5199df3f9489dd992eb0435e9e, type: 2}
      propertyPath: m_LocalScale.y
      value: 1
      objectReference: {fileID: 0}
    - target: {fileID: 447538, guid: ba3b8b5199df3f9489dd992eb0435e9e, type: 2}
      propertyPath: m_LocalScale.z
      value: 1
      objectReference: {fileID: 0}
    - target: {fileID: 11416272, guid: cc41603f4d45aca48ac033c0b42d5be1, type: 2}
      propertyPath: m_MinPlayers
      value: 1
      objectReference: {fileID: 0}
    - target: {fileID: 11449436, guid: ba3b8b5199df3f9489dd992eb0435e9e, type: 2}
      propertyPath: parallaxSpeed.x
      value: -0.08
      objectReference: {fileID: 0}
    - target: {fileID: 11449436, guid: ba3b8b5199df3f9489dd992eb0435e9e, type: 2}
      propertyPath: parallaxSpeed.y
      value: -0.08
      objectReference: {fileID: 0}
    - target: {fileID: 11423834, guid: ba3b8b5199df3f9489dd992eb0435e9e, type: 2}
      propertyPath: parallaxSpeed.x
      value: -0.05
      objectReference: {fileID: 0}
    - target: {fileID: 11423834, guid: ba3b8b5199df3f9489dd992eb0435e9e, type: 2}
      propertyPath: parallaxSpeed.y
      value: -0.05
      objectReference: {fileID: 0}
    - target: {fileID: 11467434, guid: ba3b8b5199df3f9489dd992eb0435e9e, type: 2}
      propertyPath: parallaxSpeed.x
      value: -0.03
      objectReference: {fileID: 0}
    - target: {fileID: 11467434, guid: ba3b8b5199df3f9489dd992eb0435e9e, type: 2}
      propertyPath: parallaxSpeed.y
      value: -0.03
      objectReference: {fileID: 0}
    m_RemovedComponents: []
  m_ParentPrefab: {fileID: 100100000, guid: ba3b8b5199df3f9489dd992eb0435e9e, type: 2}
  m_IsPrefabParent: 0
--- !u!1 &1747385400
GameObject:
  m_ObjectHideFlags: 0
  m_PrefabParentObject: {fileID: 0}
  m_PrefabInternal: {fileID: 0}
  serializedVersion: 4
  m_Component:
  - 224: {fileID: 1747385401}
  - 222: {fileID: 1747385403}
  - 114: {fileID: 1747385402}
  m_Layer: 5
  m_Name: Text
  m_TagString: Untagged
  m_Icon: {fileID: 0}
  m_NavMeshLayer: 0
  m_StaticEditorFlags: 0
  m_IsActive: 1
--- !u!224 &1747385401
RectTransform:
  m_ObjectHideFlags: 0
  m_PrefabParentObject: {fileID: 0}
  m_PrefabInternal: {fileID: 0}
  m_GameObject: {fileID: 1747385400}
  m_LocalRotation: {x: 0, y: 0, z: 0, w: 1}
  m_LocalPosition: {x: 0, y: 0, z: 0}
  m_LocalScale: {x: 1, y: 1, z: 1}
  m_Children: []
  m_Father: {fileID: 1049536929}
  m_RootOrder: 0
  m_AnchorMin: {x: 0, y: 0}
  m_AnchorMax: {x: 1, y: 1}
  m_AnchoredPosition: {x: 0, y: 0}
  m_SizeDelta: {x: 0, y: 0}
  m_Pivot: {x: 0.5, y: 0.5}
--- !u!114 &1747385402
MonoBehaviour:
  m_ObjectHideFlags: 0
  m_PrefabParentObject: {fileID: 0}
  m_PrefabInternal: {fileID: 0}
  m_GameObject: {fileID: 1747385400}
  m_Enabled: 1
  m_EditorHideFlags: 0
  m_Script: {fileID: 708705254, guid: f5f67c52d1564df4a8936ccd202a3bd8, type: 3}
  m_Name: 
  m_EditorClassIdentifier: 
  m_Material: {fileID: 0}
  m_Color: {r: 1, g: 1, b: 1, a: 1}
  m_RaycastTarget: 1
  m_OnCullStateChanged:
    m_PersistentCalls:
      m_Calls: []
    m_TypeName: UnityEngine.UI.MaskableGraphic+CullStateChangedEvent, UnityEngine.UI,
      Version=1.0.0.0, Culture=neutral, PublicKeyToken=null
  m_FontData:
    m_Font: {fileID: 12800000, guid: 534e599658603ce4fb2a38e3150a533c, type: 3}
    m_FontSize: 14
    m_FontStyle: 0
    m_BestFit: 1
    m_MinSize: 10
    m_MaxSize: 64
    m_Alignment: 4
    m_AlignByGeometry: 0
    m_RichText: 1
    m_HorizontalOverflow: 0
    m_VerticalOverflow: 0
    m_LineSpacing: 1
  m_Text: Oui
--- !u!222 &1747385403
CanvasRenderer:
  m_ObjectHideFlags: 0
  m_PrefabParentObject: {fileID: 0}
  m_PrefabInternal: {fileID: 0}
  m_GameObject: {fileID: 1747385400}
--- !u!1 &1754143250
GameObject:
  m_ObjectHideFlags: 0
  m_PrefabParentObject: {fileID: 0}
  m_PrefabInternal: {fileID: 0}
  serializedVersion: 4
  m_Component:
  - 4: {fileID: 1754143255}
  - 20: {fileID: 1754143254}
  - 124: {fileID: 1754143253}
  - 92: {fileID: 1754143252}
  - 114: {fileID: 1754143251}
  m_Layer: 0
  m_Name: Camera
  m_TagString: Untagged
  m_Icon: {fileID: 0}
  m_NavMeshLayer: 0
  m_StaticEditorFlags: 0
  m_IsActive: 1
--- !u!114 &1754143251
MonoBehaviour:
  m_ObjectHideFlags: 0
  m_PrefabParentObject: {fileID: 0}
  m_PrefabInternal: {fileID: 0}
  m_GameObject: {fileID: 1754143250}
  m_Enabled: 1
  m_EditorHideFlags: 0
  m_Script: {fileID: 11500000, guid: 86c6556701af9e04380698b89f691b6e, type: 3}
  m_Name: 
  m_EditorClassIdentifier: 
--- !u!92 &1754143252
Behaviour:
  m_ObjectHideFlags: 0
  m_PrefabParentObject: {fileID: 0}
  m_PrefabInternal: {fileID: 0}
  m_GameObject: {fileID: 1754143250}
  m_Enabled: 1
--- !u!124 &1754143253
Behaviour:
  m_ObjectHideFlags: 0
  m_PrefabParentObject: {fileID: 0}
  m_PrefabInternal: {fileID: 0}
  m_GameObject: {fileID: 1754143250}
  m_Enabled: 1
--- !u!20 &1754143254
Camera:
  m_ObjectHideFlags: 0
  m_PrefabParentObject: {fileID: 0}
  m_PrefabInternal: {fileID: 0}
  m_GameObject: {fileID: 1754143250}
  m_Enabled: 1
  serializedVersion: 2
  m_ClearFlags: 1
  m_BackGroundColor: {r: 0.21568628, g: 0.14509805, b: 0.32941177, a: 1}
  m_NormalizedViewPortRect:
    serializedVersion: 2
    x: 0
    y: 0
    width: 1
    height: 1
  near clip plane: 0.3
  far clip plane: 1000
  field of view: 60
  orthographic: 1
  orthographic size: 5
  m_Depth: 0
  m_CullingMask:
    serializedVersion: 2
    m_Bits: 4294967295
  m_RenderingPath: -1
  m_TargetTexture: {fileID: 0}
  m_TargetDisplay: 0
  m_TargetEye: 3
  m_HDR: 0
  m_OcclusionCulling: 1
  m_StereoConvergence: 10
  m_StereoSeparation: 0.022
  m_StereoMirrorMode: 0
--- !u!4 &1754143255
Transform:
  m_ObjectHideFlags: 0
  m_PrefabParentObject: {fileID: 0}
  m_PrefabInternal: {fileID: 0}
  m_GameObject: {fileID: 1754143250}
  m_LocalRotation: {x: 0, y: 0, z: 0, w: 1}
  m_LocalPosition: {x: 0, y: 0, z: -10}
  m_LocalScale: {x: 1, y: 1, z: 1}
  m_Children:
  - {fileID: 1055519799}
  m_Father: {fileID: 0}
  m_RootOrder: 0
--- !u!224 &1926969830 stripped
RectTransform:
  m_PrefabParentObject: {fileID: 22496696, guid: cc41603f4d45aca48ac033c0b42d5be1,
    type: 2}
  m_PrefabInternal: {fileID: 1493277748}
