%YAML 1.1
%TAG !u! tag:unity3d.com,2011:
--- !u!1 &102142
GameObject:
  m_ObjectHideFlags: 0
  m_PrefabParentObject: {fileID: 0}
  m_PrefabInternal: {fileID: 100100000}
  serializedVersion: 4
  m_Component:
  - 4: {fileID: 461822}
  - 114: {fileID: 11489890}
  - 114: {fileID: 11420072}
  - 114: {fileID: 11406492}
  - 114: {fileID: 11410504}
  m_Layer: 0
  m_Name: Elevator
  m_TagString: Untagged
  m_Icon: {fileID: 0}
  m_NavMeshLayer: 0
  m_StaticEditorFlags: 0
  m_IsActive: 1
--- !u!1 &139690
GameObject:
  m_ObjectHideFlags: 0
  m_PrefabParentObject: {fileID: 0}
  m_PrefabInternal: {fileID: 100100000}
  serializedVersion: 4
  m_Component:
  - 4: {fileID: 447452}
  - 212: {fileID: 21252176}
  m_Layer: 0
  m_Name: Background
  m_TagString: Untagged
  m_Icon: {fileID: 0}
  m_NavMeshLayer: 0
  m_StaticEditorFlags: 0
  m_IsActive: 1
--- !u!1 &168436
GameObject:
  m_ObjectHideFlags: 0
  m_PrefabParentObject: {fileID: 0}
  m_PrefabInternal: {fileID: 100100000}
  serializedVersion: 4
  m_Component:
  - 4: {fileID: 487574}
  - 212: {fileID: 21294892}
  m_Layer: 0
  m_Name: Foreground
  m_TagString: Untagged
  m_Icon: {fileID: 0}
  m_NavMeshLayer: 0
  m_StaticEditorFlags: 0
  m_IsActive: 1
--- !u!4 &447452
Transform:
  m_ObjectHideFlags: 1
  m_PrefabParentObject: {fileID: 0}
  m_PrefabInternal: {fileID: 100100000}
  m_GameObject: {fileID: 139690}
  m_LocalRotation: {x: 0, y: 0, z: 0, w: 1}
  m_LocalPosition: {x: 0, y: 0, z: 1}
  m_LocalScale: {x: 1, y: 1, z: 1}
  m_LocalEulerAnglesHint: {x: 0, y: 0, z: 0}
  m_Children: []
  m_Father: {fileID: 461822}
  m_RootOrder: 1
--- !u!4 &461822
Transform:
  m_ObjectHideFlags: 1
  m_PrefabParentObject: {fileID: 0}
  m_PrefabInternal: {fileID: 100100000}
  m_GameObject: {fileID: 102142}
  m_LocalRotation: {x: 0, y: 0, z: 0, w: 1}
  m_LocalPosition: {x: 50.0674, y: -4.02, z: 0}
  m_LocalScale: {x: 1, y: 1, z: 1}
  m_LocalEulerAnglesHint: {x: 0, y: 0, z: 0}
  m_Children:
  - {fileID: 487574}
  - {fileID: 447452}
  m_Father: {fileID: 0}
  m_RootOrder: 0
--- !u!4 &487574
Transform:
  m_ObjectHideFlags: 1
  m_PrefabParentObject: {fileID: 0}
  m_PrefabInternal: {fileID: 100100000}
  m_GameObject: {fileID: 168436}
  m_LocalRotation: {x: 0, y: 0, z: 0, w: 1}
  m_LocalPosition: {x: 0, y: 0, z: -2}
  m_LocalScale: {x: 1, y: 1, z: 1}
  m_LocalEulerAnglesHint: {x: 0, y: 0, z: 0}
  m_Children: []
  m_Father: {fileID: 461822}
  m_RootOrder: 0
--- !u!114 &11406492
MonoBehaviour:
  m_ObjectHideFlags: 1
  m_PrefabParentObject: {fileID: 0}
  m_PrefabInternal: {fileID: 100100000}
  m_GameObject: {fileID: 102142}
  m_Enabled: 1
  m_EditorHideFlags: 0
  m_Script: {fileID: -1768714887, guid: 870353891bb340e2b2a9c8707e7419ba, type: 3}
  m_Name: 
  m_EditorClassIdentifier: 
  m_TransformSyncMode: 1
  m_SendInterval: 0
  m_SyncRotationAxis: 7
  m_RotationSyncCompression: 0
  m_SyncSpin: 0
  m_MovementTheshold: 0.001
  m_SnapThreshold: 5
  m_InterpolateRotation: 1
  m_InterpolateMovement: 1
--- !u!114 &11410504
MonoBehaviour:
  m_ObjectHideFlags: 1
  m_PrefabParentObject: {fileID: 0}
  m_PrefabInternal: {fileID: 100100000}
  m_GameObject: {fileID: 102142}
  m_Enabled: 1
  m_EditorHideFlags: 0
  m_Script: {fileID: 11500000, guid: 75a50ebf0b38ebe4a834847b92f39731, type: 3}
  m_Name: 
  m_EditorClassIdentifier: 
  background:
  - {fileID: 21300000, guid: df9f0283b75a5a34e960a806c202d37d, type: 3}
  - {fileID: 21300000, guid: 6c5f672511eb033409e0bf1eca5d62d7, type: 3}
  - {fileID: 21300000, guid: c4c52c45f8aec3143834bb4c8592c09d, type: 3}
  - {fileID: 21300000, guid: 3bf5f84d78130e548b93e8adf005a8e1, type: 3}
  - {fileID: 21300000, guid: f9393123587f1db4ba909fa2dc599a53, type: 3}
  - {fileID: 21300000, guid: e033d4b2c7b5554429b12c2c4692a5cd, type: 3}
  - {fileID: 21300000, guid: 37d59e92f572c80408819eed5fc943fd, type: 3}
  - {fileID: 21300000, guid: 492f9e85119f8e04d9b75a618e27a0b6, type: 3}
  - {fileID: 21300000, guid: 7406567ec77c5534296c878e2b4ec6dd, type: 3}
  - {fileID: 21300000, guid: bc97c2eabedf6134691a303fe27b6be2, type: 3}
  foreground: {fileID: 21300000, guid: 6fab9ca7ba3e27d49b31d55a2deb461f, type: 3}
  rendererForeground: {fileID: 21294892}
  rendererBackground: {fileID: 21252176}
  backgroundIndex: 0
--- !u!114 &11420072
MonoBehaviour:
  m_ObjectHideFlags: 1
  m_PrefabParentObject: {fileID: 0}
  m_PrefabInternal: {fileID: 100100000}
  m_GameObject: {fileID: 102142}
  m_Enabled: 1
  m_EditorHideFlags: 0
  m_Script: {fileID: 372142912, guid: 870353891bb340e2b2a9c8707e7419ba, type: 3}
  m_Name: 
  m_EditorClassIdentifier: 
  m_SceneId:
    m_Value: 0
  m_AssetId:
    i0: 22
    i1: 171
    i2: 77
    i3: 160
    i4: 94
    i5: 0
    i6: 132
    i7: 84
    i8: 138
    i9: 237
    i10: 98
    i11: 121
    i12: 168
    i13: 240
    i14: 60
    i15: 32
  m_ServerOnly: 0
  m_LocalPlayerAuthority: 0
--- !u!114 &11489890
MonoBehaviour:
  m_ObjectHideFlags: 1
  m_PrefabParentObject: {fileID: 0}
  m_PrefabInternal: {fileID: 100100000}
  m_GameObject: {fileID: 102142}
  m_Enabled: 1
  m_EditorHideFlags: 0
  m_Script: {fileID: 11500000, guid: 371389d5c2b27134c9e723faebefe297, type: 3}
  m_Name: 
  m_EditorClassIdentifier: 
  roomSize: 1
  DoorRight: {fileID: 0}
  DoorLeft: {fileID: 0}
  spawnPositions:
  - {x: 1.5, y: 2.5, z: 1}
  - {x: -1.5, y: 2.5, z: 1}
--- !u!212 &21252176
SpriteRenderer:
  m_ObjectHideFlags: 1
  m_PrefabParentObject: {fileID: 0}
  m_PrefabInternal: {fileID: 100100000}
  m_GameObject: {fileID: 139690}
  m_Enabled: 1
  m_CastShadows: 0
  m_ReceiveShadows: 0
  m_Materials:
  - {fileID: 10754, guid: 0000000000000000e000000000000000, type: 0}
  m_SubsetIndices: 
  m_StaticBatchRoot: {fileID: 0}
  m_UseLightProbes: 0
  m_ReflectionProbeUsage: 0
  m_ProbeAnchor: {fileID: 0}
  m_ScaleInLightmap: 1
  m_PreserveUVs: 0
  m_IgnoreNormalsForChartDetection: 0
  m_ImportantGI: 0
  m_MinimumChartSize: 4
  m_AutoUVMaxDistance: 0.5
  m_AutoUVMaxAngle: 89
  m_LightmapParameters: {fileID: 0}
  m_SortingLayerID: 1155903433
  m_SortingOrder: 0
  m_Sprite: {fileID: 21300000, guid: 8e66093415ff303489261a8642b80831, type: 3}
  m_Color: {r: 1, g: 1, b: 1, a: 1}
  m_FlipX: 0
  m_FlipY: 0
--- !u!212 &21294892
SpriteRenderer:
  m_ObjectHideFlags: 1
  m_PrefabParentObject: {fileID: 0}
  m_PrefabInternal: {fileID: 100100000}
  m_GameObject: {fileID: 168436}
  m_Enabled: 1
  m_CastShadows: 0
  m_ReceiveShadows: 0
  m_Materials:
  - {fileID: 10754, guid: 0000000000000000e000000000000000, type: 0}
  m_SubsetIndices: 
  m_StaticBatchRoot: {fileID: 0}
  m_UseLightProbes: 0
  m_ReflectionProbeUsage: 0
  m_ProbeAnchor: {fileID: 0}
  m_ScaleInLightmap: 1
  m_PreserveUVs: 0
  m_IgnoreNormalsForChartDetection: 0
  m_ImportantGI: 0
  m_MinimumChartSize: 4
  m_AutoUVMaxDistance: 0.5
  m_AutoUVMaxAngle: 89
  m_LightmapParameters: {fileID: 0}
  m_SortingLayerID: 1331038701
  m_SortingOrder: 0
  m_Sprite: {fileID: 21300000, guid: 8c378a999199b334bb45ede38823d001, type: 3}
  m_Color: {r: 1, g: 1, b: 1, a: 1}
  m_FlipX: 0
  m_FlipY: 0
--- !u!1001 &100100000
Prefab:
  m_ObjectHideFlags: 1
  serializedVersion: 2
  m_Modification:
    m_TransformParent: {fileID: 0}
    m_Modifications: []
    m_RemovedComponents: []
  m_ParentPrefab: {fileID: 0}
  m_RootGameObject: {fileID: 102142}
  m_IsPrefabParent: 1
